@inproceedings{xu2019open,
  title={Open-world Learning and Application to Product Classification},
  author={Xu, Hu and Liu, Bing and Shu, Lei and Yu, P},
  booktitle={The World Wide Web Conference},
  pages={3413--3419},
  year={2019},
  organization={ACM}
}

@inproceedings{xu2019bert,
  title={BERT Post-Training for Review Reading Comprehension and Aspect-based Sentiment Analysis},
  author={Xu, Hu and Liu, Bing and Shu, Lei and Philip, S Yu},
  booktitle={Proceedings of the 2019 Conference of the North American Chapter of the Association for Computational Linguistics: Human Language Technologies, Volume 1 (Long and Short Papers)},
  pages={2324--2335},
  year={2019}
}

@article{shu2019flexibly,
  title={Flexibly-Structured Model for Task-Oriented Dialogues},
  author={Shu, Lei and Molino, Piero and Namazifar, Mahdi and Xu, Hu and Liu, Bing and Zheng, Huaixiu and Tur, Gokhan},
  journal={arXiv preprint arXiv:1908.02402},
  year={2019}
}

@article{shu2019modeling,
  title={Modeling Multi-Action Policy for Task-Oriented Dialogues},
  author={Shu, Lei and Xu, Hu and Liu, Bing and Molino, Piero},
  journal={arXiv preprint arXiv:1908.11546},
  year={2019}
}

@article{xu2019review,
  title={Review Conversational Reading Comprehension},
  author={Xu, Hu and Liu, Bing and Shu, Lei and Yu, Philip S},
  journal={arXiv preprint arXiv:1902.00821},
  year={2019}
}

@inproceedings{xu2018double,
  title={Double Embeddings and CNN-based Sequence Labeling for Aspect Extraction},
  author={Xu, Hu and Liu, Bing and Shu, Lei and Philip, S Yu},
  booktitle={Proceedings of the 56th Annual Meeting of the Association for Computational Linguistics (Volume 2: Short Papers)},
  pages={592--598},
  year={2018}
}

@inproceedings{xu2018lifelong,
  title={Lifelong domain word embedding via meta-learning},
  author={Xu, Hu and Liu, Bing and Shu, Lei and Yu, Philip S},
  booktitle={Proceedings of the 27th International Joint Conference on Artificial Intelligence},
  pages={4510--4516},
  year={2018},
  organization={AAAI Press}
}

@inproceedings{xu2018dual,
  title={Dual attention network for product compatibility and function satisfiability analysis},
  author={Xu, Hu and Xie, Sihong and Shu, Lei and Philip, S Yu},
  booktitle={Thirty-Second AAAI Conference on Artificial Intelligence},
  year={2018}
}

@article{shu2018unseen,
  title={Unseen class discovery in open-world classification},
  author={Shu, Lei and Xu, Hu and Liu, Bing},
  journal={arXiv preprint arXiv:1801.05609},
  year={2018}
}

@inproceedings{xu2017product,
  title={Product function need recognition via semi-supervised attention network},
  author={Xu, Hu and Xie, Sihong and Shu, Lei and Philip, S Yu},
  booktitle={2017 IEEE International Conference on Big Data (Big Data)},
  pages={1369--1374},
  year={2017},
  organization={IEEE}
}

@inproceedings{shu2017doc,
  title={DOC: Deep Open Classification of Text Documents},
  author={Shu, Lei and Xu, Hu and Liu, Bing},
  booktitle={Proceedings of the 2017 Conference on Empirical Methods in Natural Language Processing},
  pages={2911--2916},
  year={2017}
}

@inproceedings{shu2017lifelong,
  title={Lifelong Learning CRF for Supervised Aspect Extraction},
  author={Shu, Lei and Xu, Hu and Liu, Bing},
  booktitle={Proceedings of the 55th Annual Meeting of the Association for Computational Linguistics (Volume 2: Short Papers)},
  pages={148--154},
  year={2017}
}

@article{xu2016mining,
  title={Mining compatible/incompatible entities from question and answering via yes/no answer classification using distant label expansion},
  author={Xu, Hu and Shu, Lei and Zhang, Jingyuan and Yu, Philip S},
  journal={arXiv preprint arXiv:1612.04499},
  year={2016}
}

@inproceedings{xu2016cer,
  title={Cer: Complementary entity recognition via knowledge expansion on large unlabeled product reviews},
  author={Xu, Hu and Xie, Sihong and Shu, Lei and Philip, S Yu},
  booktitle={2016 IEEE International Conference on Big Data (Big Data)},
  pages={793--802},
  year={2016},
  organization={IEEE}
}

@inproceedings{shu2016lifelong,
  title={Lifelong-RL: Lifelong Relaxation Labeling for Separating Entities and Aspects in Opinion Targets},
  author={Shu, Lei and Liu, Bing and Xu, Hu and Kim, Annice},
  booktitle={Proceedings of the 2016 Conference on Empirical Methods in Natural Language Processing},
  pages={225--235},
  year={2016}
}

@inproceedings{xu2013planning,
  title={Planning paths with fewer turns on grid maps},
  author={Xu, Hu and Shu, Lei and Huang, May},
  booktitle={Sixth Annual Symposium on Combinatorial Search},
  year={2013}
}

@inproceedings{shu2013high,
  title={High-speed and accurate laser scan matching using classified features},
  author={Shu, Lei and Xu, Hu and Huang, May},
  booktitle={2013 IEEE International Symposium on Robotic and Sensors Environments (ROSE)},
  pages={61--66},
  year={2013},
  organization={IEEE}
}

@inproceedings{bai2011accuracy,
  title={Accuracy analysis of power characterization and modeling},
  author={Bai, Xiaolan and Xu, Hu and Huang, May},
  booktitle={International Conference on Hybrid Information Technology},
  pages={399--406},
  year={2011},
  organization={Springer}
}

@inproceedings{rebuffi2017icarl,
  title={iCaRL: Incremental Classifier and Representation Learning},
  author={Rebuffi, Sylvestre-Alvise and Kolesnikov, Alexander and Sperl, Georg and Lampert, Christoph H},
  booktitle={Computer Vision and Pattern Recognition (CVPR), 2017 IEEE Conference on},
  pages={5533--5542},
  year={2017},
  organization={IEEE}
}

@book{chen2018lifelong,
  title={Lifelong machine learning},
  author={Chen, Zhiyuan and Liu, Bing},
  year={2018},
  publisher={Morgan \& Claypool Publishers}
}

@InProceedings{shu-xu-liu:2017:EMNLP2017,
  author    = {Shu, Lei  and  Xu, Hu  and  Liu, Bing},
  title     = {DOC: Deep Open Classification of Text Documents},
  booktitle = {Proceedings of the 2017 Conference on Empirical Methods in Natural Language Processing},
  month     = {September},
  year      = {2017},
  address   = {Copenhagen, Denmark},
  publisher = {Association for Computational Linguistics},
  pages     = {2911--2916},
  abstract  = {Traditional supervised learning makes the closed-world assumption that the
	classes appeared in the test data must have appeared in training. This also
	applies to text learning or text classification. As learning is used
	increasingly in dynamic open environments where some new/test documents may not
	belong to any of the training classes, identifying these novel documents during
	classification presents an important problem. This problem is called open-world
	classification or open classification. This paper proposes a novel deep
	learning based approach. It outperforms existing state-of-the-art techniques
	dramatically.},
  url       = {https://www.aclweb.org/anthology/D17-1314}
}

@article{kim2018efficient,
  title={Efficient Large-Scale Domain Classification with Personalized Attention},
  author={Kim, Young-Bum and Kim, Dongchan and Kumar, Anjishnu and Sarikaya, Ruhi},
  journal={arXiv preprint arXiv:1804.08065},
  year={2018}
}

@inproceedings{he2016ups,
  title={Ups and downs: Modeling the visual evolution of fashion trends with one-class collaborative filtering},
  author={He, Ruining and McAuley, Julian},
  booktitle={proceedings of the 25th international conference on world wide web},
  pages={507--517},
  year={2016},
  organization={International World Wide Web Conferences Steering Committee}
}

@inproceedings{bendale2015towards,
  title={Towards open world recognition},
  author={Bendale, Abhijit and Boult, Terrance},
  booktitle={Proceedings of the IEEE Conference on Computer Vision and Pattern Recognition},
  pages={1893--1902},
  year={2015}
}

@inproceedings{fei2016learning,
  title={Learning cumulatively to become more knowledgeable},
  author={Fei, Geli and Wang, Shuai and Liu, Bing},
  booktitle={Proceedings of the 22nd ACM SIGKDD International Conference on Knowledge Discovery and Data Mining},
  pages={1565--1574},
  year={2016},
  organization={ACM}
}

@inproceedings{bendale2016towards,
  title={Towards open set deep networks},
  author={Bendale, Abhijit and Boult, Terrance E},
  booktitle={Proceedings of the IEEE conference on computer vision and pattern recognition},
  pages={1563--1572},
  year={2016}
}

@inproceedings{koch2015siamese,
  title={Siamese neural networks for one-shot image recognition},
  author={Koch, Gregory and Zemel, Richard and Salakhutdinov, Ruslan},
  booktitle={ICML Deep Learning Workshop},
  volume={2},
  year={2015}
}

@inproceedings{taigman2014deepface,
  title={Deepface: Closing the gap to human-level performance in face verification},
  author={Taigman, Yaniv and Yang, Ming and Ranzato, Marc'Aurelio and Wolf, Lior},
  booktitle={Proceedings of the IEEE conference on computer vision and pattern recognition},
  pages={1701--1708},
  year={2014}
}

@article{hochreiter1997long,
  title={Long short-term memory},
  author={Hochreiter, Sepp and Schmidhuber, J{\"u}rgen},
  journal={Neural computation},
  volume={9},
  number={8},
  pages={1735--1780},
  year={1997},
  publisher={MIT Press}
}

@article{schuster1997bidirectional,
  title={Bidirectional recurrent neural networks},
  author={Schuster, Mike and Paliwal, Kuldip K},
  journal={IEEE Transactions on Signal Processing},
  volume={45},
  number={11},
  pages={2673--2681},
  year={1997},
  publisher={IEEE}
}

@inproceedings{pennington2014glove,
  title={Glove: Global vectors for word representation},
  author={Pennington, Jeffrey and Socher, Richard and Manning, Christopher},
  booktitle={Proceedings of the 2014 conference on empirical methods in natural language processing (EMNLP)},
  pages={1532--1543},
  year={2014}
}

@inproceedings{vinyals2016matching,
  title={Matching networks for one shot learning},
  author={Vinyals, Oriol and Blundell, Charles and Lillicrap, Tim and Wierstra, Daan and others},
  booktitle={Advances in Neural Information Processing Systems},
  pages={3630--3638},
  year={2016}
}

@inproceedings{schroff2015facenet,
  title={Facenet: A unified embedding for face recognition and clustering},
  author={Schroff, Florian and Kalenichenko, Dmitry and Philbin, James},
  booktitle={Proceedings of the IEEE conference on computer vision and pattern recognition},
  pages={815--823},
  year={2015}
}

@inproceedings{bromley1994signature,
  title={Signature verification using a" siamese" time delay neural network},
  author={Bromley, Jane and Guyon, Isabelle and LeCun, Yann and S{\"a}ckinger, Eduard and Shah, Roopak},
  booktitle={Advances in Neural Information Processing Systems},
  pages={737--744},
  year={1994}
}

@article{graves2014neural,
  title={Neural turing machines},
  author={Graves, Alex and Wayne, Greg and Danihelka, Ivo},
  journal={arXiv preprint arXiv:1410.5401},
  year={2014}
}

@inproceedings{sukhbaatar2015end,
  title={End-to-end memory networks},
  author={Sukhbaatar, Sainbayar and Weston, Jason and Fergus, Rob and others},
  booktitle={Advances in neural information processing systems},
  pages={2440--2448},
  year={2015}
}

@inproceedings{lake2011one,
  title={One shot learning of simple visual concepts},
  author={Lake, Brenden and Salakhutdinov, Ruslan and Gross, Jason and Tenenbaum, Joshua},
  booktitle={Proceedings of the Annual Meeting of the Cognitive Science Society},
  volume={33},
  year={2011}
}

@inproceedings{deng2009imagenet,
  title={Imagenet: A large-scale hierarchical image database},
  author={Deng, Jia and Dong, Wei and Socher, Richard and Li, Li-Jia and Li, Kai and Fei-Fei, Li},
  booktitle={2009 IEEE conference on computer vision and pattern recognition},
  pages={248--255},
  year={2009},
  organization={Ieee}
}

@inproceedings{krizhevsky2012imagenet,
  title={Imagenet classification with deep convolutional neural networks},
  author={Krizhevsky, Alex and Sutskever, Ilya and Hinton, Geoffrey E},
  booktitle={Advances in neural information processing systems},
  pages={1097--1105},
  year={2012}
}

@article{russakovsky2015imagenet,
  title={Imagenet large scale visual recognition challenge},
  author={Russakovsky, Olga and Deng, Jia and Su, Hao and Krause, Jonathan and Satheesh, Sanjeev and Ma, Sean and Huang, Zhiheng and Karpathy, Andrej and Khosla, Aditya and Bernstein, Michael and others},
  journal={International Journal of Computer Vision},
  volume={115},
  number={3},
  pages={211--252},
  year={2015},
  publisher={Springer}
}

@inproceedings{xing2003distance,
  title={Distance metric learning with application to clustering with side-information},
  author={Xing, Eric P and Jordan, Michael I and Russell, Stuart J and Ng, Andrew Y},
  booktitle={Advances in neural information processing systems},
  pages={521--528},
  year={2003}
}

@inproceedings{finn2017model,
  title={Model-Agnostic Meta-Learning for Fast Adaptation of Deep Networks},
  author={Finn, Chelsea and Abbeel, Pieter and Levine, Sergey},
  booktitle={International Conference on Machine Learning},
  pages={1126--1135},
  year={2017}
}

@book{thrun2012learning,
  title={Learning to learn},
  author={Thrun, Sebastian and Pratt, Lorien},
  year={2012},
  publisher={Springer}
}

@article{fernando2017pathnet,
  title={Pathnet: Evolution channels gradient descent in super neural networks},
  author={Fernando, Chrisantha and Banarse, Dylan and Blundell, Charles and Zwols, Yori and Ha, David and Rusu, Andrei A and Pritzel, Alexander and Wierstra, Daan},
  journal={arXiv preprint arXiv:1701.08734},
  year={2017}
}

@inproceedings{andrychowicz2016learning,
  title={Learning to learn by gradient descent by gradient descent},
  author={Andrychowicz, Marcin and Denil, Misha and Gomez, Sergio and Hoffman, Matthew W and Pfau, David and Schaul, Tom and Shillingford, Brendan and De Freitas, Nando},
  booktitle={NIPS},
  pages={3981--3989},
  year={2016}
}

@article{lee2017lifelong,
  title={Lifelong Learning with Dynamically Expandable Networks},
  author={Lee, Jeongtae and Yun, Jaehong and Hwang, Sungju and Yang, Eunho},
  journal={arXiv preprint arXiv:1708.01547},
  year={2017}
}

@inproceedings{lampert2009learning,
  title={Learning to detect unseen object classes by between-class attribute transfer},
  author={Lampert, Christoph H and Nickisch, Hannes and Harmeling, Stefan},
  booktitle={Computer Vision and Pattern Recognition, 2009. CVPR 2009. IEEE Conference on},
  pages={951--958},
  year={2009},
  organization={IEEE}
}

@inproceedings{palatucci2009zero,
  title={Zero-shot learning with semantic output codes},
  author={Palatucci, Mark and Pomerleau, Dean and Hinton, Geoffrey E and Mitchell, Tom M},
  booktitle={NIPS},
  pages={1410--1418},
  year={2009}
}

@inproceedings{socher2013zero,
  title={Zero-shot learning through cross-modal transfer},
  author={Socher, Richard and Ganjoo, Milind and Manning, Christopher D and Ng, Andrew},
  booktitle={NIPS},
  pages={935--943},
  year={2013}
}

@article{rusu2016progressive,
  title={Progressive neural networks},
  author={Rusu, Andrei A and Rabinowitz, Neil C and Desjardins, Guillaume and Soyer, Hubert and Kirkpatrick, James and Kavukcuoglu, Koray and Pascanu, Razvan and Hadsell, Raia},
  journal={arXiv preprint arXiv:1606.04671},
  year={2016}
}

@article{finn2018probabilistic,
  title={Probabilistic Model-Agnostic Meta-Learning},
  author={Finn, Chelsea and Xu, Kelvin and Levine, Sergey},
  journal={arXiv preprint arXiv:1806.02817},
  year={2018}
}

@article{fan2018learning,
  title={Learning to Teach},
  author={Fan, Yang and Tian, Fei and Qin, Tao and Li, Xiang-Yang and Liu, Tie-Yan},
  journal={arXiv preprint arXiv:1805.03643},
  year={2018}
}

@article{kingma2014adam,
  title={Adam: A method for stochastic optimization},
  author={Kingma, Diederik P and Ba, Jimmy},
  journal={arXiv preprint arXiv:1412.6980},
  year={2014}
}

@inproceedings{gupta2016product,
  title={Product Classification in E-Commerce using Distributional Semantics},
  author={Gupta, Vivek and Karnick, Harish and Bansal, Ashendra and Jhala, Pradhuman},
  booktitle={Proceedings of COLING 2016, the 26th International Conference on Computational Linguistics: Technical Papers},
  pages={536--546},
  year={2016}
}

@inproceedings{kozareva2015everyone,
  title={Everyone likes shopping! multi-class product categorization for e-commerce},
  author={Kozareva, Zornitsa},
  booktitle={Proceedings of the 2015 Conference of the North American Chapter of the Association for Computational Linguistics: Human Language Technologies},
  pages={1329--1333},
  year={2015}
}

@inproceedings{cevahir2016large,
  title={Large-scale Multi-class and Hierarchical Product Categorization for an E-commerce Giant},
  author={Cevahir, Ali and Murakami, Koji},
  booktitle={Proceedings of COLING 2016, the 26th International Conference on Computational Linguistics: Technical Papers},
  pages={525--535},
  year={2016}
}

@inproceedings{chen2013cost,
  title={Cost-sensitive learning for large-scale hierarchical classification},
  author={Chen, Jianfu and Warren, David},
  booktitle={Proceedings of the 22nd ACM international conference on Conference on information \& knowledge management},
  pages={1351--1360},
  year={2013},
  organization={ACM}
}

@inproceedings{shen2011item,
  title={Item categorization in the e-commerce domain},
  author={Shen, Dan and Ruvini, Jean David and Somaiya, Manas and Sundaresan, Neel},
  booktitle={Proceedings of the 20th ACM international conference on Information and knowledge management},
  pages={1921--1924},
  year={2011},
  organization={ACM}
}

@inproceedings{shen2012large,
  title={Large-scale item categorization for e-commerce},
  author={Shen, Dan and Ruvini, Jean-David and Sarwar, Badrul},
  booktitle={Proceedings of the 21st ACM international conference on Information and knowledge management},
  pages={595--604},
  year={2012},
  organization={ACM}
}

@article{rajpurkar2018know,
  title={Know What You Don't Know: Unanswerable Questions for SQuAD},
  author={Rajpurkar, Pranav and Jia, Robin and Liang, Percy},
  journal={arXiv preprint arXiv:1806.03822},
  year={2018}
}

@article{rajpurkar2016squad,
  title={Squad: 100,000+ questions for machine comprehension of text},
  author={Rajpurkar, Pranav and Zhang, Jian and Lopyrev, Konstantin and Liang, Percy},
  journal={arXiv preprint arXiv:1606.05250},
  year={2016}
}

@article{levy2017zero,
  title={Zero-shot relation extraction via reading comprehension},
  author={Levy, Omer and Seo, Minjoon and Choi, Eunsol and Zettlemoyer, Luke},
  journal={arXiv preprint arXiv:1706.04115},
  year={2017}
}

@article{joshi2017triviaqa,
  title={Triviaqa: A large scale distantly supervised challenge dataset for reading comprehension},
  author={Joshi, Mandar and Choi, Eunsol and Weld, Daniel S and Zettlemoyer, Luke},
  journal={arXiv preprint arXiv:1705.03551},
  year={2017}
}

@article{clark2017simple,
  title={Simple and effective multi-paragraph reading comprehension},
  author={Clark, Christopher and Gardner, Matt},
  journal={arXiv preprint arXiv:1710.10723},
  year={2017}
}

@article{jia2017adversarial,
  title={Adversarial examples for evaluating reading comprehension systems},
  author={Jia, Robin and Liang, Percy},
  journal={arXiv preprint arXiv:1707.07328},
  year={2017}
}

@inproceedings{wang2017gated,
  title={Gated self-matching networks for reading comprehension and question answering},
  author={Wang, Wenhui and Yang, Nan and Wei, Furu and Chang, Baobao and Zhou, Ming},
  booktitle={Proceedings of the 55th Annual Meeting of the Association for Computational Linguistics (Volume 1: Long Papers)},
  volume={1},
  pages={189--198},
  year={2017}
}

@inproceedings{yang2015wikiqa,
  title={Wikiqa: A challenge dataset for open-domain question answering},
  author={Yang, Yi and Yih, Wen-tau and Meek, Christopher},
  booktitle={Proceedings of the 2015 Conference on Empirical Methods in Natural Language Processing},
  pages={2013--2018},
  year={2015}
}

@article{choi2018quac,
  title={Quac: Question answering in context},
  author={Choi, Eunsol and He, He and Iyyer, Mohit and Yatskar, Mark and Yih, Wen-tau and Choi, Yejin and Liang, Percy and Zettlemoyer, Luke},
  journal={arXiv preprint arXiv:1808.07036},
  year={2018}
}

@article{reddy2018coqa,
  title={Coqa: A conversational question answering challenge},
  author={Reddy, Siva and Chen, Danqi and Manning, Christopher D},
  journal={arXiv preprint arXiv:1808.07042},
  year={2018}
}

@article{yang2018hotpotqa,
  title={HotpotQA: A Dataset for Diverse, Explainable Multi-hop Question Answering},
  author={Yang, Zhilin and Qi, Peng and Zhang, Saizheng and Bengio, Yoshua and Cohen, William W and Salakhutdinov, Ruslan and Manning, Christopher D},
  journal={arXiv preprint arXiv:1809.09600},
  year={2018}
}


@article{trischler2016newsqa,
  title={Newsqa: A machine comprehension dataset},
  author={Trischler, Adam and Wang, Tong and Yuan, Xingdi and Harris, Justin and Sordoni, Alessandro and Bachman, Philip and Suleman, Kaheer},
  journal={arXiv preprint arXiv:1611.09830},
  year={2016}
}

@article{nguyen2016ms,
  title={MS MARCO: A human generated machine reading comprehension dataset},
  author={Nguyen, Tri and Rosenberg, Mir and Song, Xia and Gao, Jianfeng and Tiwary, Saurabh and Majumder, Rangan and Deng, Li},
  journal={arXiv preprint arXiv:1611.09268},
  year={2016}
}

@article{dunn2017searchqa,
  title={SearchQA: A new Q\&A dataset augmented with context from a search engine},
  author={Dunn, Matthew and Sagun, Levent and Higgins, Mike and Guney, V Ugur and Cirik, Volkan and Cho, Kyunghyun},
  journal={arXiv preprint arXiv:1704.05179},
  year={2017}
}

@article{lai2017race,
  title={Race: Large-scale reading comprehension dataset from examinations},
  author={Lai, Guokun and Xie, Qizhe and Liu, Hanxiao and Yang, Yiming and Hovy, Eduard},
  journal={arXiv preprint arXiv:1704.04683},
  year={2017}
}

@article{kovcisky2018narrativeqa,
  title={The narrativeqa reading comprehension challenge},
  author={Ko{\v{c}}isk{\`y}, Tom{\'a}{\v{s}} and Schwarz, Jonathan and Blunsom, Phil and Dyer, Chris and Hermann, Karl Moritz and Melis, G{\'a}abor and Grefenstette, Edward},
  journal={Transactions of the Association of Computational Linguistics},
  volume={6},
  pages={317--328},
  year={2018},
  publisher={MIT Press}
}

@inproceedings{yu2018aware,
  title={Aware Answer Prediction for Product-Related Questions Incorporating Aspects},
  author={Yu, Qian and Lam, Wai},
  booktitle={Proceedings of the Eleventh ACM International Conference on Web Search and Data Mining},
  pages={691--699},
  year={2018},
  organization={ACM}
}

@inproceedings{mcauley2016addressing,
  title={Addressing complex and subjective product-related queries with customer reviews},
  author={McAuley, Julian and Yang, Alex},
  booktitle={Proceedings of the 25th International Conference on World Wide Web},
  pages={625--635},
  year={2016},
  organization={International World Wide Web Conferences Steering Committee}
}

@inproceedings{lopez2010scaling,
  title={Scaling up question-answering to linked data},
  author={Lopez, Vanessa and Nikolov, Andriy and Sabou, Marta and Uren, Victoria and Motta, Enrico and d’Aquin, Mathieu},
  booktitle={International Conference on Knowledge Engineering and Knowledge Management},
  pages={193--210},
  year={2010},
  organization={Springer}
}

@inproceedings{unger2012template,
  title={Template-based question answering over RDF data},
  author={Unger, Christina and B{\"u}hmann, Lorenz and Lehmann, Jens and Ngonga Ngomo, Axel-Cyrille and Gerber, Daniel and Cimiano, Philipp},
  booktitle={Proceedings of the 21st international conference on World Wide Web},
  pages={639--648},
  year={2012},
  organization={ACM}
}


@article{xu2016question,
  title={Question answering on freebase via relation extraction and textual evidence},
  author={Xu, Kun and Reddy, Siva and Feng, Yansong and Huang, Songfang and Zhao, Dongyan},
  journal={arXiv preprint arXiv:1603.00957},
  year={2016}
}

@inproceedings{yao2014information,
  title={Information extraction over structured data: Question answering with freebase},
  author={Yao, Xuchen and Van Durme, Benjamin},
  booktitle={Proceedings of the 52nd Annual Meeting of the Association for Computational Linguistics (Volume 1: Long Papers)},
  volume={1},
  pages={956--966},
  year={2014}
}

@inproceedings{dong2015question,
  title={Question answering over freebase with multi-column convolutional neural networks},
  author={Dong, Li and Wei, Furu and Zhou, Ming and Xu, Ke},
  booktitle={Proceedings of the 53rd Annual Meeting of the Association for Computational Linguistics and the 7th International Joint Conference on Natural Language Processing (Volume 1: Long Papers)},
  volume={1},
  pages={260--269},
  year={2015}
}

@inproceedings{fader2014open,
  title={Open question answering over curated and extracted knowledge bases},
  author={Fader, Anthony and Zettlemoyer, Luke and Etzioni, Oren},
  booktitle={Proceedings of the 20th ACM SIGKDD international conference on Knowledge discovery and data mining},
  pages={1156--1165},
  year={2014},
  organization={ACM}
}

@article{kwok2001scaling,
  title={Scaling question answering to the web},
  author={Kwok, Cody and Etzioni, Oren and Weld, Daniel S},
  journal={ACM Transactions on Information Systems (TOIS)},
  volume={19},
  number={3},
  pages={242--262},
  year={2001},
  publisher={ACM}
}

@article{yin2015neural,
  title={Neural generative question answering},
  author={Yin, Jun and Jiang, Xin and Lu, Zhengdong and Shang, Lifeng and Li, Hang and Li, Xiaoming},
  journal={arXiv preprint arXiv:1512.01337},
  year={2015}
}

@article{kingma2014adam,
  title={Adam: A method for stochastic optimization},
  author={Kingma, Diederik P and Ba, Jimmy},
  journal={arXiv preprint arXiv:1412.6980},
  year={2014}
}

@article{chen2017reading,
  title={Reading wikipedia to answer open-domain questions},
  author={Chen, Danqi and Fisch, Adam and Weston, Jason and Bordes, Antoine},
  journal={arXiv preprint arXiv:1704.00051},
  year={2017}
}

@article{seo2016bidirectional,
  title={Bidirectional attention flow for machine comprehension},
  author={Seo, Minjoon and Kembhavi, Aniruddha and Farhadi, Ali and Hajishirzi, Hannaneh},
  journal={arXiv preprint arXiv:1611.01603},
  year={2016}
}

@inproceedings{shen2017reasonet,
  title={Reasonet: Learning to stop reading in machine comprehension},
  author={Shen, Yelong and Huang, Po-Sen and Gao, Jianfeng and Chen, Weizhu},
  booktitle={Proceedings of the 23rd ACM SIGKDD International Conference on Knowledge Discovery and Data Mining},
  pages={1047--1055},
  year={2017},
  organization={ACM}
}

@article{hochreiter1997long,
  title={Long short-term memory},
  author={Hochreiter, Sepp and Schmidhuber, J{\"u}rgen},
  journal={Neural computation},
  volume={9},
  number={8},
  pages={1735--1780},
  year={1997},
  publisher={MIT Press}
}

@article{schuster1997bidirectional,
  title={Bidirectional recurrent neural networks},
  author={Schuster, Mike and Paliwal, Kuldip K},
  journal={IEEE Transactions on Signal Processing},
  volume={45},
  number={11},
  pages={2673--2681},
  year={1997},
  publisher={IEEE}
}

@inproceedings{peters2018deep,
  title={Deep contextualized word representations},
  author={Peters, Matthew E and Neumann, Mark and Iyyer, Mohit and Gardner, Matt and Clark, Christopher and Lee, Kenton and Zettlemoyer, Luke},
  booktitle={Proceedings of NAACL-HLT},
  pages={2227--2237},
  year={2018}
}

@inproceedings{devlin2018bert,
  title={BERT: Pre-training of Deep Bidirectional Transformers for Language Understanding},
  author={Devlin, Jacob and Chang, Ming-Wei and Lee, Kenton and Toutanova, Kristina},
  booktitle={Proceedings of the 2019 Conference of the North American Chapter of the Association for Computational Linguistics: Human Language Technologies, Volume 1 (Long and Short Papers)},
  pages={4171--4186},
  year={2019}
}


@InProceedings{he-EtAl:2018,
  author    = {He, Ruidan  and  Lee, Wee Sun  and  Ng, Hwee Tou  and  Dahlmeier, Daniel},
  title     = {Exploiting Document Knowledge for Aspect-level Sentiment Classification},
  booktitle = {Proceedings of the 56th Annual Meeting of the Association for Computational Linguistics},
  publisher = {Association for Computational Linguistics}
}

@InProceedings{xu_acl2018,
  author    = {Xu, Hu and Liu, Bing and Shu, Lei and Yu, Philip S.},
  title     = {Double Embeddings and CNN-based Sequence Labeling for Aspect Extraction},
  booktitle = {Proceedings of the 56th Annual Meeting of the Association for Computational Linguistics},
  publisher = {Association for Computational Linguistics},
  year      = {2018}
}

@article{hewlett2016wikireading,
  title={Wikireading: A novel large-scale language understanding task over wikipedia},
  author={Hewlett, Daniel and Lacoste, Alexandre and Jones, Llion and Polosukhin, Illia and Fandrianto, Andrew and Han, Jay and Kelcey, Matthew and Berthelot, David},
  journal={arXiv preprint arXiv:1608.03542},
  year={2016}
}

@article{welbl2018constructing,
  title={Constructing datasets for multi-hop reading comprehension across documents},
  author={Welbl, Johannes and Stenetorp, Pontus and Riedel, Sebastian},
  journal={Transactions of the Association of Computational Linguistics},
  volume={6},
  pages={287--302},
  year={2018},
  publisher={MIT Press}
}

@article{shao2018drcd,
  title={DRCD: a Chinese Machine Reading Comprehension Dataset},
  author={Shao, Chih Chieh and Liu, Trois and Lai, Yuting and Tseng, Yiying and Tsai, Sam},
  journal={arXiv preprint arXiv:1806.00920},
  year={2018}
}

@inproceedings{hermann2015teaching,
  title={Teaching machines to read and comprehend},
  author={Hermann, Karl Moritz and Kocisky, Tomas and Grefenstette, Edward and Espeholt, Lasse and Kay, Will and Suleyman, Mustafa and Blunsom, Phil},
  booktitle={Advances in Neural Information Processing Systems},
  pages={1693--1701},
  year={2015}
}

@inproceedings{richardson2013mctest,
  title={Mctest: A challenge dataset for the open-domain machine comprehension of text},
  author={Richardson, Matthew and Burges, Christopher JC and Renshaw, Erin},
  booktitle={Proceedings of the 2013 Conference on Empirical Methods in Natural Language Processing},
  pages={193--203},
  year={2013}
}

@article{hill2015goldilocks,
  title={The goldilocks principle: Reading children's books with explicit memory representations},
  author={Hill, Felix and Bordes, Antoine and Chopra, Sumit and Weston, Jason},
  journal={arXiv preprint arXiv:1511.02301},
  year={2015}
}

@inproceedings{hu2004mining,
  title={Mining and summarizing customer reviews},
  author={Hu, Minqing and Liu, Bing},
  booktitle={Proceedings of the tenth ACM SIGKDD international conference on Knowledge discovery and data mining},
  pages={168--177},
  year={2004},
  organization={ACM}
}

@article{liu2012sentiment,
  title={Sentiment analysis and opinion mining},
  author={Liu, Bing},
  journal={Synthesis lectures on human language technologies},
  volume={5},
  number={1},
  pages={1--167},
  year={2012},
  publisher={Morgan \& Claypool Publishers}
}

@book{liu2015sentiment,
  title={Sentiment analysis: Mining opinions, sentiments, and emotions},
  author={Liu, Bing},
  year={2015},
  publisher={Cambridge University Press}
}

@inproceedings{pang2002thumbs,
  title={Thumbs up?: sentiment classification using machine learning techniques},
  author={Pang, Bo and Lee, Lillian and Vaithyanathan, Shivakumar},
  booktitle={Proceedings of the ACL-02 conference on Empirical methods in natural language processing-Volume 10},
  pages={79--86},
  year={2002},
  organization={Association for Computational Linguistics}
}

@inproceedings{howard2018universal,
  title={Universal language model fine-tuning for text classification},
  author={Howard, Jeremy and Ruder, Sebastian},
  booktitle={Proceedings of the 56th Annual Meeting of the Association for Computational Linguistics (Volume 1: Long Papers)},
  volume={1},
  pages={328--339},
  year={2018}
}

@inproceedings{pennington2014glove,
  title={Glove: Global vectors for word representation},
  author={Pennington, Jeffrey and Socher, Richard and Manning, Christopher},
  booktitle={Proceedings of the 2014 conference on empirical methods in natural language processing (EMNLP)},
  pages={1532--1543},
  year={2014}
}

@inproceedings{mikolov2013distributed,
  title={Distributed representations of words and phrases and their compositionality},
  author={Mikolov, Tomas and Sutskever, Ilya and Chen, Kai and Corrado, Greg S and Dean, Jeff},
  booktitle={Advances in neural information processing systems},
  pages={3111--3119},
  year={2013}
}

@article{qiu2011opinion,
  title={Opinion word expansion and target extraction through double propagation},
  author={Qiu, Guang and Liu, Bing and Bu, Jiajun and Chen, Chun},
  journal={Computational linguistics},
  volume={37},
  number={1},
  pages={9--27},
  year={2011},
  publisher={MIT Press}
}

@article{tang2016aspect,
  title={Aspect level sentiment classification with deep memory network},
  author={Tang, Duyu and Qin, Bing and Liu, Ting},
  journal={arXiv preprint arXiv:1605.08900},
  year={2016}
}

@article{he2018exploiting,
  title={Exploiting document knowledge for aspect-level sentiment classification},
  author={He, Ruidan and Lee, Wee Sun and Ng, Hwee Tou and Dahlmeier, Daniel},
  journal={arXiv preprint arXiv:1806.04346},
  year={2018}
}

@article{wang2016recursive,
  title={Recursive neural conditional random fields for aspect-based sentiment analysis},
  author={Wang, Wenya and Pan, Sinno Jialin and Dahlmeier, Daniel and Xiao, Xiaokui},
  journal={arXiv preprint arXiv:1603.06679},
  year={2016}
}

@inproceedings{wang2017coupled,
  title={Coupled multi-layer attentions for co-extraction of aspect and opinion terms},
  author={Wang, Wenya and Pan, Sinno Jialin and Dahlmeier, Daniel and Xiao, Xiaokui},
  booktitle={Thirty-First AAAI Conference on Artificial Intelligence},
  year={2017}
}

@inproceedings{he2018effective,
  title={Effective Attention Modeling for Aspect-Level Sentiment Classification},
  author={He, Ruidan and Lee, Wee Sun and Ng, Hwee Tou and Dahlmeier, Daniel},
  booktitle={Proceedings of the 27th International Conference on Computational Linguistics},
  pages={1121--1131},
  year={2018}
}

@article{radford2018improving,
  title={Improving language understanding by generative pre-training},
  author={Radford, Alec and Narasimhan, Karthik and Salimans, Tim and Sutskever, Ilya},
  journal={URL https://s3-us-west-2.amazonaws.com/openai-assets/research-covers/languageunsupervised/language understanding paper.pdf},
  year={2018}
}

@article{radford2018lang,
  title={Language Models are Unsupervised Multitask Learners},
  author={Radford, Alec and Wu, Jeffrey and Child, Rewon and Luan, David and Amodei, Dario and Sutskever, Ilya},
  journal={URL https://openai.com/blog/better-language-models/},
  year={2018}
}

@article{li2018exploiting,
  title={Exploiting Coarse-to-Fine Task Transfer for Aspect-level Sentiment Classification},
  author={Li, Zheng and Wei, Ying and Zhang, Yu and Zhang, Xiang and Li, Xin and Yang, Qiang},
  journal={arXiv preprint arXiv:1811.10999},
  year={2018}
}

@inproceedings{Xu2018pro,
  title={Dual Attention Network for Product Compatibility and Function Satisfiability Analysis},
  author={Xu, Hu and Xie, Sihong and Shu, Lei and Yu, Philip S.},
  booktitle={Proceedings of AAAI Conference on Artificial Intelligence (AAAI)},
  year={2018}
}

@inproceedings{HeMcA16a,
  author = {Ruining He and Julian McAuley},
  title = {Ups and downs: Modeling the visual evolution of fashion trends with one-class collaborative filtering},
  booktitle = {World Wide Web},
  year = {2016}
}

@inproceedings{zhang2018towards,
  title={Towards conversational search and recommendation: System ask, user respond},
  author={Zhang, Yongfeng and Chen, Xu and Ai, Qingyao and Yang, Liu and Croft, W Bruce},
  booktitle={Proceedings of the 27th ACM International Conference on Information and Knowledge Management},
  pages={177--186},
  year={2018},
  organization={ACM}
}


@inproceedings{li2018towards,
  title={Towards deep conversational recommendations},
  author={Li, Raymond and Kahou, Samira Ebrahimi and Schulz, Hannes and Michalski, Vincent and Charlin, Laurent and Pal, Chris},
  booktitle={Advances in Neural Information Processing Systems},
  pages={9725--9735},
  year={2018}
}


@inproceedings{sun2018conversational,
  title={Conversational recommender system},
  author={Sun, Yueming and Zhang, Yi},
  booktitle={The 41st International ACM SIGIR Conference on Research \& Development in Information Retrieval},
  pages={235--244},
  year={2018},
  organization={ACM}
}

@article{li2018microsoft,
  title={Microsoft Dialogue Challenge: Building End-to-End Task-Completion Dialogue Systems},
  author={Li, Xiujun and Panda, Sarah and Liu, Jingjing and Gao, Jianfeng},
  journal={arXiv preprint arXiv:1807.11125},
  year={2018}
}

@article{li2016user,
  title={A User Simulator for Task-Completion Dialogues},
  author={Li, Xiujun and Lipton, Zachary C and Dhingra, Bhuwan and Li, Lihong and Gao, Jianfeng and Chen, Yun-Nung},
  journal={arXiv preprint arXiv:1612.05688},
  year={2016}
}

@article{lee2019convlab,
  title={ConvLab: Multi-Domain End-to-End Dialog System Platform},
  author={Lee, Sungjin and Zhu, Qi and Takanobu, Ryuichi and Li, Xiang and Zhang, Yaoqin and Zhang, Zheng and Li, Jinchao and Peng, Baolin and Li, Xiujun and Huang, Minlie and others},
  journal={arXiv preprint arXiv:1904.08637},
  year={2019}
}

@inproceedings{kang2019recommendation,
  title={Recommendation as a Communication Game: Self-Supervised Bot-Play for Goal-oriented Dialogue},
  author={Kang, Dongyeop and Balakrishnan, Anusha and Shah, Pararth and Crook, Paul A and Boureau, Y-Lan and Weston, Jason},
  booktitle={Proceedings of the 2019 Conference on Empirical Methods in Natural Language Processing and the 9th International Joint Conference on Natural Language Processing (EMNLP-IJCNLP)},
  pages={1951--1961},
  year={2019}
}

@inproceedings{Xian2019ReinforcementKG,
  title={Reinforcement Knowledge Graph Reasoning for Explainable Recommendation},
  author={Yikun Xian and Zuohui Fu and S. Muthukrishnan and Gerard de Melo and Yongfeng Zhang},
  booktitle={SIGIR},
  year={2019}
}

@inproceedings{tuan-etal-2019-dykgchat,
    title = "{D}y{K}g{C}hat: Benchmarking Dialogue Generation Grounding on Dynamic Knowledge Graphs",
    author = "Tuan, Yi-Lin  and
      Chen, Yun-Nung  and
      Lee, Hung-yi",
    booktitle = "Proceedings of the 2019 Conference on Empirical Methods in Natural Language Processing and the 9th International Joint Conference on Natural Language Processing (EMNLP-IJCNLP)",
    month = nov,
    year = "2019",
    address = "Hong Kong, China",
    publisher = "Association for Computational Linguistics",
    url = "https://www.aclweb.org/anthology/D19-1194",
    doi = "10.18653/v1/D19-1194",
    pages = "1855--1865",
    abstract = "Data-driven, knowledge-grounded neural conversation models are capable of generating more informative responses. However, these models have not yet demonstrated that they can zero-shot adapt to updated, unseen knowledge graphs. This paper proposes a new task about how to apply dynamic knowledge graphs in neural conversation model and presents a novel TV series conversation corpus (DyKgChat) for the task. Our new task and corpus aids in understanding the influence of dynamic knowledge graphs on responses generation. Also, we propose a preliminary model that selects an output from two networks at each time step: a sequence-to-sequence model (Seq2Seq) and a multi-hop reasoning model, in order to support dynamic knowledge graphs. To benchmark this new task and evaluate the capability of adaptation, we introduce several evaluation metrics and the experiments show that our proposed approach outperforms previous knowledge-grounded conversation models. The proposed corpus and model can motivate the future research directions.",
}

@inproceedings{schlichtkrull2018modeling,
  title={Modeling relational data with graph convolutional networks},
  author={Schlichtkrull, Michael and Kipf, Thomas N and Bloem, Peter and Van Den Berg, Rianne and Titov, Ivan and Welling, Max},
  booktitle={European Semantic Web Conference},
  pages={593--607},
  year={2018},
  organization={Springer}
}

@inproceedings{duvenaud2015convolutional,
  title={Convolutional networks on graphs for learning molecular fingerprints},
  author={Duvenaud, David K and Maclaurin, Dougal and Iparraguirre, Jorge and Bombarell, Rafael and Hirzel, Timothy and Aspuru-Guzik, Al{\'a}n and Adams, Ryan P},
  booktitle={Advances in neural information processing systems},
  pages={2224--2232},
  year={2015}
}

@inproceedings{defferrard2016convolutional,
  title={Convolutional neural networks on graphs with fast localized spectral filtering},
  author={Defferrard, Micha{\"e}l and Bresson, Xavier and Vandergheynst, Pierre},
  booktitle={Advances in neural information processing systems},
  pages={3844--3852},
  year={2016}
}

@article{kipf2016semi,
  title={Semi-supervised classification with graph convolutional networks},
  author={Kipf, Thomas N and Welling, Max},
  journal={arXiv preprint arXiv:1609.02907},
  year={2016}
}

@article{Moon+19a,
  title={OpenDialKG: Explainable Conversational Reasoning with Attention-based Walks over Knowledge Graphs},
  author={Seungwhan Moon and Pararth Shah and Anuj Kumar and Rajen Subba},
  journal={ACL},
  year={2019}
}

@article{Moon+19b,
  title={Memory Grounded Conversational Reasoning},
  author={Seungwhan Moon and Pararth Shah and Anuj Kumar and Rajen Subba},
  journal={EMNLP},
  year={2019}
}

@article{scarselli2008graph,
  title={The graph neural network model},
  author={Scarselli, Franco and Gori, Marco and Tsoi, Ah Chung and Hagenbuchner, Markus and Monfardini, Gabriele},
  journal={IEEE Transactions on Neural Networks},
  volume={20},
  number={1},
  pages={61--80},
  year={2008},
  publisher={IEEE}
}

@article{li2015gated,
  title={Gated graph sequence neural networks},
  author={Li, Yujia and Tarlow, Daniel and Brockschmidt, Marc and Zemel, Richard},
  journal={arXiv preprint arXiv:1511.05493},
  year={2015}
}

@inproceedings{pham2017column,
  title={Column networks for collective classification},
  author={Pham, Trang and Tran, Truyen and Phung, Dinh and Venkatesh, Svetha},
  booktitle={Thirty-First AAAI Conference on Artificial Intelligence},
  year={2017}
}

@article{Nickel+15,
  title={Holographic embeddings of knowledge graphs},
  author={Nickel, Maximilian and Rosasco, Lorenzo and Poggio, Tomaso},
  journal={AAAI},
  year={2016}
}

@inproceedings{Bordes+13,
  title={Translating embeddings for modeling multi-relational data},
  author={Bordes, Antoine and Usunier, Nicolas and Garcia-Duran, Alberto and Weston, Jason and Yakhnenko, Oksana},
  booktitle={NIPS},
  year={2013}
}

@inproceedings{dstc2,
  title={The second dialog state tracking challenge},
  author={Henderson, Matthew and Thomson, Blaise and Williams, Jason D},
  booktitle={Special Interest Group on Discourse and Dialogue (SIGDIAL)},
  year={2014}
}

@inproceedings{multiwoz,
    title = "{M}ulti{WOZ} - A Large-Scale Multi-Domain Wizard-of-{O}z Dataset for Task-Oriented Dialogue Modelling",
    author = "Budzianowski, Pawe{\l}  and
      Wen, Tsung-Hsien  and
      Tseng, Bo-Hsiang  and
      Casanueva, I{\~n}igo  and
      Ultes, Stefan  and
      Ramadan, Osman  and
      Ga{\v{s}}i{\'c}, Milica",
    booktitle = "Proceedings of the Conference on Empirical Methods in Natural Language Processing (EMNLP)",
    year = "2018",
}

@article{multiwoz2.1,
    title={MultiWOZ 2.1: Multi-Domain Dialogue State Corrections and State Tracking Baselines},
    author={Mihail Eric and Rahul Goel and Shachi Paul and Adarsh Kumar and Abhishek Sethi and Peter Ku and Anuj Kumar Goyal and Sanchit Agarwal and Shuyag Gao and Dilek Hakkani-Tur},
    year={2019},
    journal={arXiv preprint arXiv:1907.01669},
    archivePrefix={arXiv},
    primaryClass={cs.CL}
}

@inproceedings{woz,
    title={A Network-based End-to-End Trainable Task-oriented Dialogue System},
    author={Tsung-Hsien Wen and David Vandyke and Nikola Mrksic and Milica Gasic and Lina M. Rojas-Barahona and Pei-Hao Su and Stefan Ultes and Steve Young},
    year={2016},
    booktitle={European Chapter of the Association for Computational Linguistics (EACL)},
}

@InProceedings{trade,
  	author = "Wu, Chien-Sheng and Madotto, Andrea and Hosseini-Asl, Ehsan and Xiong, Caiming and Socher, Richard and Fung, Pascale",
  	title = 	"Transferable Multi-Domain State Generator for Task-Oriented Dialogue Systems",
  	booktitle = 	"Proceedings of the Annual Meeting of the Association for Computational Linguistics",
  	year = 	"2019",
}

@InProceedings{bert-dst-alexa,
  	author = "Shuyang Gao and Abhishek Seth and, Sanchit Agarwal and Tagyoung Chun and Dilek Hakkani-Ture",
  	title = 	"Dialog State Tracking: A Neural Reading Comprehension Approach",
  	booktitle = 	"Special Interest Group on Discourse and Dialogue (SIGDIAL)",
  	year = 	"2019",
}

@InProceedings{sgd-dst,
  	author = "Abhinav Rastogi and Xiaoxue Zang and Srinivas Sunkara and Raghav Gupta and Pranav Khaitan",
  	title = 	"Towards Scalable Multi-domain Conversational Agents: The Schema-Guided Dialogue Dataset",
  	booktitle = 	"Association for the Advancement of Artificial Intelligence (AAAI)",
  	year = 	"2019",
}

@InProceedings{bert-dst-cmu,
    title={BERT-DST: Scalable End-to-End Dialogue State Tracking with Bidirectional Encoder Representations from Transformer},
    author={Guan-Lin Chao and Ian Lane},
    booktitle = 	"Annual Conference of the International Speech Communication Association (INTERSPEECH)",
    year={2019},
}

@article{rajpurkar2018know,
  title={Know What You Don't Know: Unanswerable Questions for SQuAD},
  author={Rajpurkar, Pranav and Jia, Robin and Liang, Percy},
  journal={arXiv preprint arXiv:1806.03822},
  year={2018}
}

@article{rajpurkar2016squad,
  title={Squad: 100,000+ questions for machine comprehension of text},
  author={Rajpurkar, Pranav and Zhang, Jian and Lopyrev, Konstantin and Liang, Percy},
  journal={arXiv preprint arXiv:1606.05250},
  year={2016}
}

@article{levy2017zero,
  title={Zero-shot relation extraction via reading comprehension},
  author={Levy, Omer and Seo, Minjoon and Choi, Eunsol and Zettlemoyer, Luke},
  journal={arXiv preprint arXiv:1706.04115},
  year={2017}
}

@article{joshi2017triviaqa,
  title={Triviaqa: A large scale distantly supervised challenge dataset for reading comprehension},
  author={Joshi, Mandar and Choi, Eunsol and Weld, Daniel S and Zettlemoyer, Luke},
  journal={arXiv preprint arXiv:1705.03551},
  year={2017}
}

@article{clark2017simple,
  title={Simple and effective multi-paragraph reading comprehension},
  author={Clark, Christopher and Gardner, Matt},
  journal={arXiv preprint arXiv:1710.10723},
  year={2017}
}

@article{jia2017adversarial,
  title={Adversarial examples for evaluating reading comprehension systems},
  author={Jia, Robin and Liang, Percy},
  journal={arXiv preprint arXiv:1707.07328},
  year={2017}
}

@inproceedings{wang2017gated,
  title={Gated self-matching networks for reading comprehension and question answering},
  author={Wang, Wenhui and Yang, Nan and Wei, Furu and Chang, Baobao and Zhou, Ming},
  booktitle={Proceedings of the 55th Annual Meeting of the Association for Computational Linguistics (Volume 1: Long Papers)},
  volume={1},
  pages={189--198},
  year={2017}
}

@inproceedings{yang2015wikiqa,
  title={Wikiqa: A challenge dataset for open-domain question answering},
  author={Yang, Yi and Yih, Wen-tau and Meek, Christopher},
  booktitle={Proceedings of the 2015 Conference on Empirical Methods in Natural Language Processing},
  pages={2013--2018},
  year={2015}
}

@article{peters2018deep,
  title={Deep contextualized word representations},
  author={Peters, Matthew E and Neumann, Mark and Iyyer, Mohit and Gardner, Matt and Clark, Christopher and Lee, Kenton and Zettlemoyer, Luke},
  journal={arXiv preprint arXiv:1802.05365},
  year={2018}
}

@article{choi2018quac,
  title={Quac: Question answering in context},
  author={Choi, Eunsol and He, He and Iyyer, Mohit and Yatskar, Mark and Yih, Wen-tau and Choi, Yejin and Liang, Percy and Zettlemoyer, Luke},
  journal={arXiv preprint arXiv:1808.07036},
  year={2018}
}

@article{reddy2018coqa,
  title={Coqa: A conversational question answering challenge},
  author={Reddy, Siva and Chen, Danqi and Manning, Christopher D},
  journal={arXiv preprint arXiv:1808.07042},
  year={2018}
}

@article{yang2018hotpotqa,
  title={HotpotQA: A Dataset for Diverse, Explainable Multi-hop Question Answering},
  author={Yang, Zhilin and Qi, Peng and Zhang, Saizheng and Bengio, Yoshua and Cohen, William W and Salakhutdinov, Ruslan and Manning, Christopher D},
  journal={arXiv preprint arXiv:1809.09600},
  year={2018}
}


@article{trischler2016newsqa,
  title={Newsqa: A machine comprehension dataset},
  author={Trischler, Adam and Wang, Tong and Yuan, Xingdi and Harris, Justin and Sordoni, Alessandro and Bachman, Philip and Suleman, Kaheer},
  journal={arXiv preprint arXiv:1611.09830},
  year={2016}
}

@article{nguyen2016ms,
  title={MS MARCO: A human generated machine reading comprehension dataset},
  author={Nguyen, Tri and Rosenberg, Mir and Song, Xia and Gao, Jianfeng and Tiwary, Saurabh and Majumder, Rangan and Deng, Li},
  journal={arXiv preprint arXiv:1611.09268},
  year={2016}
}

@article{joshi2017triviaqa,
  title={Triviaqa: A large scale distantly supervised challenge dataset for reading comprehension},
  author={Joshi, Mandar and Choi, Eunsol and Weld, Daniel S and Zettlemoyer, Luke},
  journal={arXiv preprint arXiv:1705.03551},
  year={2017}
}

@article{dunn2017searchqa,
  title={SearchQA: A new Q\&A dataset augmented with context from a search engine},
  author={Dunn, Matthew and Sagun, Levent and Higgins, Mike and Guney, V Ugur and Cirik, Volkan and Cho, Kyunghyun},
  journal={arXiv preprint arXiv:1704.05179},
  year={2017}
}

@article{lai2017race,
  title={Race: Large-scale reading comprehension dataset from examinations},
  author={Lai, Guokun and Xie, Qizhe and Liu, Hanxiao and Yang, Yiming and Hovy, Eduard},
  journal={arXiv preprint arXiv:1704.04683},
  year={2017}
}

@article{kovcisky2018narrativeqa,
  title={The narrativeqa reading comprehension challenge},
  author={Ko{\v{c}}isk{\`y}, Tom{\'a}{\v{s}} and Schwarz, Jonathan and Blunsom, Phil and Dyer, Chris and Hermann, Karl Moritz and Melis, G{\'a}abor and Grefenstette, Edward},
  journal={Transactions of the Association of Computational Linguistics},
  volume={6},
  pages={317--328},
  year={2018},
  publisher={MIT Press}
}

@inproceedings{yu2018aware,
  title={Aware Answer Prediction for Product-Related Questions Incorporating Aspects},
  author={Yu, Qian and Lam, Wai},
  booktitle={Proceedings of the Eleventh ACM International Conference on Web Search and Data Mining},
  pages={691--699},
  year={2018},
  organization={ACM}
}

@inproceedings{mcauley2016addressing,
  title={Addressing complex and subjective product-related queries with customer reviews},
  author={McAuley, Julian and Yang, Alex},
  booktitle={Proceedings of the 25th International Conference on World Wide Web},
  pages={625--635},
  year={2016},
  organization={International World Wide Web Conferences Steering Committee}
}

@inproceedings{lopez2010scaling,
  title={Scaling up question-answering to linked data},
  author={Lopez, Vanessa and Nikolov, Andriy and Sabou, Marta and Uren, Victoria and Motta, Enrico and d’Aquin, Mathieu},
  booktitle={International Conference on Knowledge Engineering and Knowledge Management},
  pages={193--210},
  year={2010},
  organization={Springer}
}

@inproceedings{unger2012template,
  title={Template-based question answering over RDF data},
  author={Unger, Christina and B{\"u}hmann, Lorenz and Lehmann, Jens and Ngonga Ngomo, Axel-Cyrille and Gerber, Daniel and Cimiano, Philipp},
  booktitle={Proceedings of the 21st international conference on World Wide Web},
  pages={639--648},
  year={2012},
  organization={ACM}
}


@article{xu2016question,
  title={Question answering on freebase via relation extraction and textual evidence},
  author={Xu, Kun and Reddy, Siva and Feng, Yansong and Huang, Songfang and Zhao, Dongyan},
  journal={arXiv preprint arXiv:1603.00957},
  year={2016}
}

@inproceedings{yao2014information,
  title={Information extraction over structured data: Question answering with freebase},
  author={Yao, Xuchen and Van Durme, Benjamin},
  booktitle={Proceedings of the 52nd Annual Meeting of the Association for Computational Linguistics (Volume 1: Long Papers)},
  volume={1},
  pages={956--966},
  year={2014}
}

@inproceedings{dong2015question,
  title={Question answering over freebase with multi-column convolutional neural networks},
  author={Dong, Li and Wei, Furu and Zhou, Ming and Xu, Ke},
  booktitle={Proceedings of the 53rd Annual Meeting of the Association for Computational Linguistics and the 7th International Joint Conference on Natural Language Processing (Volume 1: Long Papers)},
  volume={1},
  pages={260--269},
  year={2015}
}

@inproceedings{fader2014open,
  title={Open question answering over curated and extracted knowledge bases},
  author={Fader, Anthony and Zettlemoyer, Luke and Etzioni, Oren},
  booktitle={Proceedings of the 20th ACM SIGKDD international conference on Knowledge discovery and data mining},
  pages={1156--1165},
  year={2014},
  organization={ACM}
}

@article{kwok2001scaling,
  title={Scaling question answering to the web},
  author={Kwok, Cody and Etzioni, Oren and Weld, Daniel S},
  journal={ACM Transactions on Information Systems (TOIS)},
  volume={19},
  number={3},
  pages={242--262},
  year={2001},
  publisher={ACM}
}

@article{yin2015neural,
  title={Neural generative question answering},
  author={Yin, Jun and Jiang, Xin and Lu, Zhengdong and Shang, Lifeng and Li, Hang and Li, Xiaoming},
  journal={arXiv preprint arXiv:1512.01337},
  year={2015}
}

@article{kingma2014adam,
  title={Adam: A method for stochastic optimization},
  author={Kingma, Diederik P and Ba, Jimmy},
  journal={arXiv preprint arXiv:1412.6980},
  year={2014}
}

@article{chen2017reading,
  title={Reading wikipedia to answer open-domain questions},
  author={Chen, Danqi and Fisch, Adam and Weston, Jason and Bordes, Antoine},
  journal={arXiv preprint arXiv:1704.00051},
  year={2017}
}

@article{seo2016bidirectional,
  title={Bidirectional attention flow for machine comprehension},
  author={Seo, Minjoon and Kembhavi, Aniruddha and Farhadi, Ali and Hajishirzi, Hannaneh},
  journal={arXiv preprint arXiv:1611.01603},
  year={2016}
}

@inproceedings{shen2017reasonet,
  title={Reasonet: Learning to stop reading in machine comprehension},
  author={Shen, Yelong and Huang, Po-Sen and Gao, Jianfeng and Chen, Weizhu},
  booktitle={Proceedings of the 23rd ACM SIGKDD International Conference on Knowledge Discovery and Data Mining},
  pages={1047--1055},
  year={2017},
  organization={ACM}
}

@article{hochreiter1997long,
  title={Long short-term memory},
  author={Hochreiter, Sepp and Schmidhuber, J{\"u}rgen},
  journal={Neural computation},
  volume={9},
  number={8},
  pages={1735--1780},
  year={1997},
  publisher={MIT Press}
}

@article{schuster1997bidirectional,
  title={Bidirectional recurrent neural networks},
  author={Schuster, Mike and Paliwal, Kuldip K},
  journal={IEEE Transactions on Signal Processing},
  volume={45},
  number={11},
  pages={2673--2681},
  year={1997},
  publisher={IEEE}
}

@article{devlin2018bert,
  title={BERT: Pre-training of Deep Bidirectional Transformers for Language Understanding},
  author={Devlin, Jacob and Chang, Ming-Wei and Lee, Kenton and Toutanova, Kristina},
  journal={arXiv preprint arXiv:1810.04805},
  year={2018}
}

@InProceedings{he-EtAl:2018,
  author    = {He, Ruidan  and  Lee, Wee Sun  and  Ng, Hwee Tou  and  Dahlmeier, Daniel},
  title     = {Exploiting Document Knowledge for Aspect-level Sentiment Classification},
  booktitle = {Proceedings of the 56th Annual Meeting of the Association for Computational Linguistics},
  publisher = {Association for Computational Linguistics}
}

@InProceedings{xu_acl2018,
  author    = {Xu, Hu and Liu, Bing and Shu, Lei and Yu, Philip S.},
  title     = {Double Embeddings and CNN-based Sequence Labeling for Aspect Extraction},
  booktitle = {Proceedings of the 56th Annual Meeting of the Association for Computational Linguistics},
  publisher = {Association for Computational Linguistics},
  year      = {2018}
}

@article{hewlett2016wikireading,
  title={Wikireading: A novel large-scale language understanding task over wikipedia},
  author={Hewlett, Daniel and Lacoste, Alexandre and Jones, Llion and Polosukhin, Illia and Fandrianto, Andrew and Han, Jay and Kelcey, Matthew and Berthelot, David},
  journal={arXiv preprint arXiv:1608.03542},
  year={2016}
}

@article{welbl2018constructing,
  title={Constructing datasets for multi-hop reading comprehension across documents},
  author={Welbl, Johannes and Stenetorp, Pontus and Riedel, Sebastian},
  journal={Transactions of the Association of Computational Linguistics},
  volume={6},
  pages={287--302},
  year={2018},
  publisher={MIT Press}
}

@article{shao2018drcd,
  title={DRCD: a Chinese Machine Reading Comprehension Dataset},
  author={Shao, Chih Chieh and Liu, Trois and Lai, Yuting and Tseng, Yiying and Tsai, Sam},
  journal={arXiv preprint arXiv:1806.00920},
  year={2018}
}

@inproceedings{hermann2015teaching,
  title={Teaching machines to read and comprehend},
  author={Hermann, Karl Moritz and Kocisky, Tomas and Grefenstette, Edward and Espeholt, Lasse and Kay, Will and Suleyman, Mustafa and Blunsom, Phil},
  booktitle={Advances in Neural Information Processing Systems},
  pages={1693--1701},
  year={2015}
}

@inproceedings{richardson2013mctest,
  title={Mctest: A challenge dataset for the open-domain machine comprehension of text},
  author={Richardson, Matthew and Burges, Christopher JC and Renshaw, Erin},
  booktitle={Proceedings of the 2013 Conference on Empirical Methods in Natural Language Processing},
  pages={193--203},
  year={2013}
}

@article{hill2015goldilocks,
  title={The goldilocks principle: Reading children's books with explicit memory representations},
  author={Hill, Felix and Bordes, Antoine and Chopra, Sumit and Weston, Jason},
  journal={arXiv preprint arXiv:1511.02301},
  year={2015}
}

@inproceedings{hu2004mining,
  title={Mining and summarizing customer reviews},
  author={Hu, Minqing and Liu, Bing},
  booktitle={Proceedings of the tenth ACM SIGKDD international conference on Knowledge discovery and data mining},
  pages={168--177},
  year={2004},
  organization={ACM}
}

@article{liu2012sentiment,
  title={Sentiment analysis and opinion mining},
  author={Liu, Bing},
  journal={Synthesis lectures on human language technologies},
  volume={5},
  number={1},
  pages={1--167},
  year={2012},
  publisher={Morgan \& Claypool Publishers}
}

@book{liu2015sentiment,
  title={Sentiment analysis: Mining opinions, sentiments, and emotions},
  author={Liu, Bing},
  year={2015},
  publisher={Cambridge University Press}
}

@inproceedings{pang2002thumbs,
  title={Thumbs up?: sentiment classification using machine learning techniques},
  author={Pang, Bo and Lee, Lillian and Vaithyanathan, Shivakumar},
  booktitle={Proceedings of the ACL-02 conference on Empirical methods in natural language processing-Volume 10},
  pages={79--86},
  year={2002},
  organization={Association for Computational Linguistics}
}

@inproceedings{howard2018universal,
  title={Universal language model fine-tuning for text classification},
  author={Howard, Jeremy and Ruder, Sebastian},
  booktitle={Proceedings of the 56th Annual Meeting of the Association for Computational Linguistics (Volume 1: Long Papers)},
  volume={1},
  pages={328--339},
  year={2018}
}

@inproceedings{pennington2014glove,
  title={Glove: Global vectors for word representation},
  author={Pennington, Jeffrey and Socher, Richard and Manning, Christopher},
  booktitle={Proceedings of the 2014 conference on empirical methods in natural language processing (EMNLP)},
  pages={1532--1543},
  year={2014}
}

@inproceedings{mikolov2013distributed,
  title={Distributed representations of words and phrases and their compositionality},
  author={Mikolov, Tomas and Sutskever, Ilya and Chen, Kai and Corrado, Greg S and Dean, Jeff},
  booktitle={Advances in neural information processing systems},
  pages={3111--3119},
  year={2013}
}

@article{qiu2011opinion,
  title={Opinion word expansion and target extraction through double propagation},
  author={Qiu, Guang and Liu, Bing and Bu, Jiajun and Chen, Chun},
  journal={Computational linguistics},
  volume={37},
  number={1},
  pages={9--27},
  year={2011},
  publisher={MIT Press}
}

@article{tang2016aspect,
  title={Aspect level sentiment classification with deep memory network},
  author={Tang, Duyu and Qin, Bing and Liu, Ting},
  journal={arXiv preprint arXiv:1605.08900},
  year={2016}
}

@inproceedings{he2018effective,
  title={Effective Attention Modeling for Aspect-Level Sentiment Classification},
  author={He, Ruidan and Lee, Wee Sun and Ng, Hwee Tou and Dahlmeier, Daniel},
  booktitle={Proceedings of the 27th International Conference on Computational Linguistics},
  pages={1121--1131},
  year={2018}
}

@article{huang2018flowqa,
  title={FlowQA: Grasping Flow in History for Conversational Machine Comprehension},
  author={Huang, Hsin-Yuan and Choi, Eunsol and Yih, Wen-tau},
  journal={arXiv preprint arXiv:1810.06683},
  year={2018}
}

@article{radford2018improving,
  title={Improving language understanding by generative pre-training},
  author={Radford, Alec and Narasimhan, Karthik and Salimans, Tim and Sutskever, Ilya}
}

@article{zhu2018sdnet,
  title={SDNet: Contextualized Attention-based Deep Network for Conversational Question Answering},
  author={Zhu, Chenguang and Zeng, Michael and Huang, Xuedong},
  journal={arXiv preprint arXiv:1812.03593},
  year={2018}
}

@inproceedings{he2016ups,
  title={Ups and downs: Modeling the visual evolution of fashion trends with one-class collaborative filtering},
  author={He, Ruining and McAuley, Julian},
  booktitle={proceedings of the 25th international conference on world wide web},
  pages={507--517},
  year={2016},
  organization={International World Wide Web Conferences Steering Committee}
}

@inproceedings{Xu2018pro,
  title={Dual Attention Network for Product Compatibility and Function Satisfiability Analysis},
  author={Xu, Hu and Xie, Sihong and Shu, Lei and Yu, Philip S.},
  booktitle={Proceedings of AAAI Conference on Artificial Intelligence (AAAI)},
  year={2018}
}

@article{kirkpatrick2017overcoming,
  title={Overcoming catastrophic forgetting in neural networks},
  author={Kirkpatrick, James and Pascanu, Razvan and Rabinowitz, Neil and Veness, Joel and Desjardins, Guillaume and Rusu, Andrei A and Milan, Kieran and Quan, John and Ramalho, Tiago and Grabska-Barwinska, Agnieszka and others},
  journal={Proceedings of the national academy of sciences},
  pages={201611835},
  year={2017},
  publisher={National Acad Sciences}
}

@inproceedings{xu-etal-2019-bert,
    title = "{BERT} Post-Training for Review Reading Comprehension and Aspect-based Sentiment Analysis",
    author = "Xu, Hu  and
      Liu, Bing  and
      Shu, Lei  and
      Yu, Philip",
    booktitle = "Proceedings of the 2019 Conference of the North {A}merican Chapter of the Association for Computational Linguistics: Human Language Technologies, Volume 1 (Long and Short Papers)",
    month = jun,
    year = "2019",
    address = "Minneapolis, Minnesota",
    publisher = "Association for Computational Linguistics",
    url = "https://www.aclweb.org/anthology/N19-1242",
    doi = "10.18653/v1/N19-1242",
    pages = "2324--2335",
    abstract = "Question-answering plays an important role in e-commerce as it allows potential customers to actively seek crucial information about products or services to help their purchase decision making. Inspired by the recent success of machine reading comprehension (MRC) on formal documents, this paper explores the potential of turning customer reviews into a large source of knowledge that can be exploited to answer user questions. We call this problem Review Reading Comprehension (RRC). To the best of our knowledge, no existing work has been done on RRC. In this work, we first build an RRC dataset called ReviewRC based on a popular benchmark for aspect-based sentiment analysis. Since ReviewRC has limited training examples for RRC (and also for aspect-based sentiment analysis), we then explore a novel post-training approach on the popular language model BERT to enhance the performance of fine-tuning of BERT for RRC. To show the generality of the approach, the proposed post-training is also applied to some other review-based tasks such as aspect extraction and aspect sentiment classification in aspect-based sentiment analysis. Experimental results demonstrate that the proposed post-training is highly effective.",
}

@inproceedings{McAYan16,
  author = {J. McAuley and A. Yang},
  title = {Addressing complex and subjective product-related queries with customer reviews},
  booktitle = {WWW},
  year = {2016}
}

@inproceedings{silver2013lifelong,
  title={Lifelong Machine Learning Systems: Beyond Learning Algorithms.},
  author={Silver, Daniel L and Yang, Qiang and Li, Lianghao},
  booktitle={AAAI Spring Symposium: Lifelong Machine Learning},
  pages={49--55},
  year={2013},
  organization={Citeseer}
}

@incollection{thrun1998lifelong,
  title={Lifelong learning algorithms},
  author={Thrun, Sebastian},
  booktitle={Learning to learn},
  pages={181--209},
  year={1998},
  publisher={Springer}
}

@inproceedings{chen2014mining,
  title={Mining topics in documents: standing on the shoulders of big data},
  author={Chen, Zhiyuan and Liu, Bing},
  booktitle={Proceedings of the 20th ACM SIGKDD international conference on Knowledge discovery and data mining},
  pages={1116--1125},
  year={2014},
  organization={ACM}
}

@article{hochreiter1997long,
  title={Long short-term memory},
  author={Hochreiter, Sepp and Schmidhuber, J{\"u}rgen},
  journal={Neural computation},
  volume={9},
  number={8},
  pages={1735--1780},
  year={1997},
  publisher={MIT Press}
}

@article{rumelhart1988learning,
  title={Learning representations by back-propagating errors},
  author={Rumelhart, David E and Hinton, Geoffrey E and Williams, Ronald J},
  journal={Cognitive modeling},
  volume={5},
  number={3},
  pages={1},
  year={1988}
}

@article{schuster1997bidirectional,
  title={Bidirectional recurrent neural networks},
  author={Schuster, Mike and Paliwal, Kuldip K},
  journal={IEEE Trans. on Signal Processing},
  volume={45},
  number={11},
  pages={2673--2681},
  year={1997},
  publisher={IEEE}
}

@inproceedings{mikolov2013distributed,
  title={Distributed representations of words and phrases and their compositionality},
  author={Mikolov, Tomas and Sutskever, Ilya and Chen, Kai and Corrado, Greg S and Dean, Jeff},
  booktitle={NIPS},
  pages={3111--3119},
  year={2013}
}

@inproceedings{pennington2014glove,
  title={Glove: Global Vectors for Word Representation.},
  author={Pennington, Jeffrey and Socher, Richard and Manning, Christopher D},
  booktitle={EMNLP},
  volume={14},
  pages={1532--43},
  year={2014}
}

@unpublished{Goodfellow-et-al-2016-Book,
    title={Deep Learning},
    author={Ian Goodfellow and Yoshua Bengio and Aaron Courville},
    note={Book in preparation for MIT Press},
    url={http://www.deeplearningbook.org},
    year={2016}
}

@article{rumelhart1988learning,
  title={Learning representations by back-propagating errors},
  author={Rumelhart, David E and Hinton, Geoffrey E and Williams, Ronald J},
  journal={Cognitive modeling},
  volume={5},
  number={3},
  pages={1},
  year={1988}
}

@article{greff2015lstm,
  title={LSTM: A search space odyssey},
  author={Greff, Klaus and Srivastava, Rupesh Kumar and Koutn{\'\i}k, Jan and Steunebrink, Bas R and Schmidhuber, J{\"u}rgen},
  journal={arXiv preprint arXiv:1503.04069},
  year={2015}
}


@inproceedings{marquez2015semeval,
  title={Semeval-2015 task 3: Answer selection in community question answering},
  author={M{\`a}rquez, Llu{\'\i}s and Glass, James and Magdy, Walid and Moschitti, Alessandro and Nakov, Preslav and Randeree, Bilal},
  booktitle={Proceedings of the 9th International Workshop on Semantic Evaluation (SemEval 2015)},
  year={2015}
}

@article{zhou2015answer,
  title={Answer sequence learning with neural networks for answer selection in community question answering},
  author={Zhou, Xiaoqiang and Hu, Baotian and Chen, Qingcai and Tang, Buzhou and Wang, Xiaolong},
  journal={arXiv preprint arXiv:1506.06490},
  year={2015}
}

@article{tan2015lstm,
  title={LSTM-based Deep Learning Models for non-factoid answer selection},
  author={Tan, Ming and Xiang, Bing and Zhou, Bowen},
  journal={arXiv preprint arXiv:1511.04108},
  year={2015}
}

@article{nassif2016learning,
  title={Learning Semantic Relatedness in Community Question Answering Using Neural Models},
  author={Nassif, Henry and Mohtarami, Mitra and Glass, James},
  journal={ACL 2016},
  pages={137},
  year={2016}
}

@article{wang2015long,
  title={A long short-term memory model for answer sentence selection in question answering},
  author={Wang, Di and Nyberg, Eric},
  journal={ACL, July},
  year={2015}
}

@article{weston2015towards,
  title={Towards ai-complete question answering: A set of prerequisite toy tasks},
  author={Weston, Jason and Bordes, Antoine and Chopra, Sumit and Rush, Alexander M and van Merri{\"e}nboer, Bart and Joulin, Armand and Mikolov, Tomas},
  journal={arXiv preprint arXiv:1502.05698},
  year={2015}
}

@article{kingma2014adam,
  title={Adam: A method for stochastic optimization},
  author={Kingma, Diederik and Ba, Jimmy},
  journal={arXiv preprint arXiv:1412.6980},
  year={2014}
}

@article{xu2013survey,
  title={A survey on multi-view learning},
  author={Xu, Chang and Tao, Dacheng and Xu, Chao},
  journal={arXiv preprint arXiv:1304.5634},
  year={2013}
}

@inproceedings{wang2015deep,
  title={On deep multi-view representation learning},
  author={Wang, Weiran and Arora, Raman and Livescu, Karen and Bilmes, Jeff},
  booktitle={Proc. of the 32st Int. Conf. Machine Learning (ICML 2015)},
  pages={1083--1092},
  year={2015}
}

@article{chung2014empirical,
  title={Empirical evaluation of gated recurrent neural networks on sequence modeling},
  author={Chung, Junyoung and Gulcehre, Caglar and Cho, KyungHyun and Bengio, Yoshua},
  journal={arXiv preprint arXiv:1412.3555},
  year={2014}
}


@incollection{graves2012neural,
  title={Neural Networks},
  author={Graves, Alex},
  booktitle={Supervised Sequence Labelling with Recurrent Neural Networks},
  pages={15--35},
  year={2012},
  publisher={Springer}
}

@InProceedings{wang-EtAl:2016:EMNLP20163,
  author    = {Wang, Yequan  and  Huang, Minlie  and  zhu, xiaoyan  and  Zhao, Li},
  title     = {Attention-based LSTM for Aspect-level Sentiment Classification},
  booktitle = {Proceedings of the 2016 Conference on Empirical Methods in Natural Language Processing},
  month     = {November},
  year      = {2016},
  address   = {Austin, Texas},
  publisher = {Association for Computational Linguistics},
  pages     = {606--615},
  url       = {https://aclweb.org/anthology/D16-1058}
}

@InProceedings{tang-qin-liu:2016:EMNLP2016,
  author    = {Tang, Duyu  and  Qin, Bing  and  Liu, Ting},
  title     = {Aspect Level Sentiment Classification with Deep Memory Network},
  booktitle = {Proceedings of the 2016 Conference on Empirical Methods in Natural Language Processing},
  month     = {November},
  year      = {2016},
  address   = {Austin, Texas},
  publisher = {Association for Computational Linguistics},
  pages     = {214--224},
  url       = {https://aclweb.org/anthology/D16-1021}
}

@article{rocktaschel2015reasoning,
  title={Reasoning about entailment with neural attention},
  author={Rockt{\"a}schel, Tim and Grefenstette, Edward and Hermann, Karl Moritz and Ko{\v{c}}isk{\`y}, Tom{\'a}{\v{s}} and Blunsom, Phil},
  journal={arXiv preprint arXiv:1509.06664},
  year={2015}
}

@article{rush2015neural,
  title={A neural attention model for abstractive sentence summarization},
  author={Rush, Alexander M and Chopra, Sumit and Weston, Jason},
  journal={arXiv preprint arXiv:1509.00685},
  year={2015}
}

@InProceedings{rajpurkar-EtAl:2016:EMNLP2016,
  author    = {Rajpurkar, Pranav  and  Zhang, Jian  and  Lopyrev, Konstantin  and  Liang, Percy},
  title     = {SQuAD: 100,000+ Questions for Machine Comprehension of Text},
  booktitle = {Proceedings of the 2016 Conference on Empirical Methods in Natural Language Processing},
  month     = {November},
  year      = {2016},
  address   = {Austin, Texas},
  publisher = {Association for Computational Linguistics},
  pages     = {2383--2392},
  url       = {https://aclweb.org/anthology/D16-1264}
}

@InProceedings{richardson-burges-renshaw:2013:EMNLP,
  author    = {Richardson, Matthew  and  Burges, Christopher J.C.  and  Renshaw, Erin},
  title     = {{MCTest}: A Challenge Dataset for the Open-Domain Machine Comprehension of Text},
  booktitle = {Proceedings of the 2013 Conference on Empirical Methods in Natural Language Processing},
  month     = {October},
  year      = {2013},
  address   = {Seattle, Washington, USA},
  publisher = {Association for Computational Linguistics},
  pages     = {193--203},
  url       = {http://www.aclweb.org/anthology/D13-1020}
}

@article{xiong2016dynamic,
  title={Dynamic coattention networks for question answering},
  author={Xiong, Caiming and Zhong, Victor and Socher, Richard},
  journal={arXiv},
  year={2016}
}

@article{seo2016bidirectional,
  title={Bidirectional attention flow for machine comprehension},
  author={Seo, Minjoon and Kembhavi, Aniruddha and Farhadi, Ali and Hajishirzi, Hannaneh},
  journal={arXiv},
  year={2016}
}

@article{bojanowski2016enriching,
  title={Enriching Word Vectors with Subword Information},
  author={Bojanowski, Piotr and Grave, Edouard and Joulin, Armand and Mikolov, Tomas},
  journal={arXiv},
  year={2016}
}


@InProceedings{yang-lu-zheng:2017:EMNLP2017,
  author    = {Yang, Wei  and  Lu, Wei  and  Zheng, Vincent},
  title     = {A Simple Regularization-based Algorithm for Learning Cross-Domain Word Embeddings},
  booktitle = {EMNLP},
  year      = {2017},
  pages={2898--2904},
  url       = {https://www.aclweb.org/anthology/D17-1311}
}

@InProceedings{bollegala-maehara-kawarabayashi:2015:ACL-IJCNLP,
  author    = {Bollegala, Danushka  and  Maehara, Takanori  and  Kawarabayashi, Ken-ichi},
  title     = {Unsupervised Cross-Domain Word Representation Learning},
  booktitle = {ACL},
  year      = {2015},
  pages     = {730--740},
  url       = {http://www.aclweb.org/anthology/P15-1071}
}

@inproceedings{mnih2007three,
  title={Three new graphical models for statistical language modelling},
  author={Mnih, Andriy and Hinton, Geoffrey},
  booktitle={ICML},
  pages={641--648},
  year={2007}
}

@inproceedings{turian2010word,
  title={Word representations: a simple and general method for semi-supervised learning},
  author={Turian, Joseph and Ratinov, Lev and Bengio, Yoshua},
  booktitle={ACL},
  pages={384--394},
  year={2010}
}

@article{mikolov2013efficient,
  title={Efficient estimation of word representations in vector space},
  author={Mikolov, Tomas and Chen, Kai and Corrado, Greg and Dean, Jeffrey},
  journal={arXiv:1301.3781},
  year={2013}
}

@inproceedings{mikolov2013distributed,
  title={Distributed representations of words and phrases and their compositionality},
  author={Mikolov, Tomas and Sutskever, Ilya and Chen, Kai and Corrado, Greg S and Dean, Jeff},
  booktitle={NIPS},
  year={2013}
}

@inproceedings{mikolov2013linguistic,
  title={Linguistic regularities in continuous space word representations.},
  author={Mikolov, Tomas and Yih, Wen-tau and Zweig, Geoffrey},
  booktitle={hlt-Naacl},
  pages={746--751},
  year={2013}
}

@inproceedings{pennington2014glove,
  title={Glove: Global vectors for word representation},
  author={Pennington, Jeffrey and Socher, Richard and Manning, Christopher},
  booktitle={EMNLP},
  year={2014}
}

@inproceedings{sienvcnik2015adapting,
  title={Adapting word2vec to named entity recognition},
  author={Sien{\v{c}}nik, Scharolta Katharina},
  booktitle={NCCL},
  pages={239--243},
  year={2015}
}

@article{durrett2015neural,
  title={Neural crf parsing},
  author={Durrett, Greg and Klein, Dan},
  journal={arXiv},
  year={2015}
}

@inproceedings{durrett2015neural,
  title={Neural CRF Parsing},
  author={Durrett, Greg and Klein, Dan},
  booktitle={ACL},
  pages={302--312},
  year={2015}
}

@inproceedings{collobert2008unified,
  title={A unified architecture for natural language processing: Deep neural networks with multitask learning},
  author={Collobert, Ronan and Weston, Jason},
  booktitle={ICML},
  year={2008}
}

@inproceedings{mnih2007three,
  title={Three new graphical models for statistical language modelling},
  author={Mnih, Andriy and Hinton, Geoffrey},
  booktitle={ICML},
  pages={641--648},
  year={2007}
}

@inproceedings{glorot2011domain,
  title={Domain adaptation for large-scale sentiment classification: A deep learning approach},
  author={Glorot, Xavier and Bordes, Antoine and Bengio, Yoshua},
  booktitle={ICML},
  year={2011}
}

@inproceedings{mcclosky2010automatic,
  title={Automatic domain adaptation for parsing},
  author={McClosky, David and Charniak, Eugene and Johnson, Mark},
  booktitle={NAACL},
  year={2010},
}


@article{pan2013transfer,
  title={Transfer joint embedding for cross-domain named entity recognition},
  author={Pan, Sinno Jialin and Toh, Zhiqiang and Su, Jian},
  journal={ACM (TOIS)},
  year={2013}
}

@article{nayak2016evaluating,
  title={Evaluating Word Embeddings Using a Representative Suite of Practical Tasks},
  author={Nayak, Neha and Angeli, Gabor and Manning, Christopher D},
  journal={ACL 2016},
  pages={19--23},
  year={2016}
}

@article{faruqui2016problems,
  title={Problems with evaluation of word embeddings using word similarity tasks},
  author={Faruqui, Manaal and Tsvetkov, Yulia and Rastogi, Pushpendre and Dyer, Chris},
  journal={arXiv},
  year={2016}
}

@article{bojanowski2016enriching,
  title={Enriching Word Vectors with Subword Information},
  author={Bojanowski, Piotr and Grave, Edouard and Joulin, Armand and Mikolov, Tomas},
  journal={arXiv:1607.04606},
  year={2016}
}

@inproceedings{HeMcA16a,
  author = {R. He and J. McAuley},
  title = {Ups and downs: Modeling the visual evolution of fashion trends with one-class collaborative filtering},
  booktitle = {WWW},
  pages={507--517},
  year = {2016}
}

@inproceedings{maas2011learning,
  title={Learning word vectors for sentiment analysis},
  author={Maas, Andrew L and Daly, Raymond E and Pham, Peter T and Huang, Dan and Ng, Andrew Y and Potts, Christopher},
  booktitle={ACL},
  pages={142--150},
  year={2011},
}

@article{pan2010survey,
  title={A survey on transfer learning},
  author={Pan, Sinno Jialin and Yang, Qiang},
  journal={IEEE TKDE},
  year={2010},
  pages={1345--1359},
  publisher={IEEE}
}

@inproceedings{Thrun1996learning,
            author = {Thrun, Sebastian},
            booktitle = {NIPS},
            title = {{Is learning the n-th thing any easier than learning the first?}},
			pages={640--646},
            year = {1996}
}

@article{chen2015lifelong,
  title={Lifelong Learning for Sentiment Classification},
  author={Zhiyuan Chen and Nianzu Ma and Bing Liu},
  journal={ACL},
  year={2015}
}
 
@article{ruvolo2013ella,
  title={ELLA: An Efficient Lifelong Learning Algorithm.},
  author={Ruvolo, Paul and Eaton, Eric},
  journal={ICML},
  year={2013}
}
 
@book{ChenLiu2016,
  author    = {Chen, Zhiyuan and Liu, Bing},
  title     = {Lifelong Machine Learning},
  publisher = {Morgan {\&} Claypool Publishers},
  booktitle    = {Synthesis Lectures on AI and ML},
  year      = {2016}
}
 
@inproceedings{shu2016lifelong,
  title={Lifelong-rl: Lifelong relaxation labeling for separating entities and aspects in opinion targets},
  author={Shu, Lei and Liu, Bing and Xu, Hu and Kim, Annice},
  booktitle={EMNLP},
  pages={225--235},
  year={2016}
}

@article{Mitchell2015,
  title={Never-ending learning},
  author={Mitchell, Tom and Cohen, William and Hruschka, Estevam and Talukdar, Partha and Yang, B and Betteridge, J and Carlson, A and Dalvi, B and Gardner, M and Kisiel, B and others},
  journal={Communications of the ACM},
  volume={61},
  number={5},
  pages={103--115},
  year={2018}
}

@inproceedings{Silver2013,
            author = {Silver, Daniel L and Yang, Qiang and Li, Lianghao},
            booktitle = {AAAI Spring Symposium: LML},
            title = {{Lifelong Machine Learning Systems: Beyond Learning Algorithms.}},
			pages={05},
            year = {2013}
}

@article{vilalta2002perspective,
  title={A perspective view and survey of meta-learning},
  author={Vilalta, Ricardo and Drissi, Youssef},
  journal={AI Review},
  year={2002},
  publisher={Springer}
}

@inproceedings{peng2002improved,
  title={Improved dataset characterisation for meta-learning},
  author={Peng, Yonghong and Flach, Peter A and Soares, Carlos and Brazdil, Pavel},
  booktitle={ICDS},
  year={2002},
  organization={Springer}
}

@inproceedings{chen2014topic,
  title={Topic modeling using topics from many domains, lifelong learning and big data},
  author={Chen, Zhiyuan and Liu, Bing},
  booktitle={ICML},
  pages={703--711},
  year={2014}
}

@inproceedings{andrychowicz2016learning,
  title={Learning to learn by gradient descent by gradient descent},
  author={Andrychowicz, Marcin and Denil, Misha and Gomez, Sergio and Hoffman, Matthew W and Pfau, David and Schaul, Tom and de Freitas, Nando},
  booktitle={NIPS},
  pages={3981--3989},
  year={2016}
}
 
@article{fernando2017pathnet,
  title={Pathnet: Evolution channels gradient descent in super neural networks},
  author={Fernando, Chrisantha and Banarse, Dylan and Blundell, Charles and Zwols, Yori and Ha, David and Rusu, Andrei A and Pritzel, Alexander and Wierstra, Daan},
  journal={arXiv},
  year={2017}
}

@article{bollegala2017think,
  title={Think Globally, Embed Locally---Locally Linear Meta-embedding of Words},
  author={Bollegala, Danushka and Hayashi, Kohei and Kawarabayashi, Ken-ichi},
  journal={arXiv:1709.06671},
  year={2017}
}

@inproceedings{finn2017model,
  title={Model-Agnostic Meta-Learning for Fast Adaptation of Deep Networks},
  author={Finn, Chelsea and Abbeel, Pieter and Levine, Sergey},
  booktitle={ICML},
  pages={1126--1135},
  year={2017}
}

@book{thrun2012learning,
  title={Learning to learn},
  author={Thrun, Sebastian and Pratt, Lorien},
  year={2012},
  publisher={Springer}
}

@article{schmidhuber1992learning,
  title={Learning to control fast-weight memories: An alternative to dynamic recurrent networks},
  author={Schmidhuber, J{\"u}rgen},
  journal={Neural Computation},
  year={1992},
  publisher={MIT Press}
}


@article{JMLR:v17:15-239,
  author  = {Yaroslav Ganin and Evgeniya Ustinova and Hana Ajakan and Pascal Germain and Hugo Larochelle and Fran\c{c}ois Laviolette and Mario Marchand and Victor Lempitsky},
  title   = {Domain-Adversarial Training of Neural Networks},
  journal = {JMLR},
  pages={2096--2030},
  year    = {2016}
}

@inproceedings{Xu2018pro,
  title={Dual Attention Network for Product Compatibility and Function Satisfiability Analysis},
  author={Xu, Hu and Xie, Sihong and Shu, Lei and Yu, Philip S.},
  booktitle={AAAI},
  pages={6013-6020},
  year={2018}
}

@InProceedings{xu:Short,
  author    = {Xu, Hu and Liu, Bing and Shu, Lei and Yu, Philip S.},
  title     = {Double Embeddings and CNN-based Sequence Labeling for Aspect Extraction},
  booktitle = {ACL},
  pages={148--154},
  year      = {2018}
}

@article{chen2017improving,
  title={Improving sentiment analysis via sentence type classification using BiLSTM-CRF and CNN},
  author={Chen, Tao and Xu, Ruifeng and He, Yulan and Wang, Xuan},
  journal={Expert Systems with Applications},
  volume={72},
  pages={221--230},
  year={2017},
  publisher={Elsevier}
}
@inproceedings{du2017convolutional,
  title={A Convolutional Attention Model for Text Classification},
  author={Du, Jiachen and Gui, Lin and Xu, Ruifeng and He, Yulan},
  booktitle={National CCF Conference on Natural Language Processing and Chinese Computing},
  pages={183--195},
  year={2017},
  organization={Springer}
}
@article{kingma2014adam,
  title={Adam: A method for stochastic optimization},
  author={Kingma, Diederik P and Ba, Jimmy},
  journal={arXiv preprint arXiv:1412.6980},
  year={2014}
}

@article{ma2016end,
  title={End-to-end sequence labeling via bi-directional lstm-cnns-crf},
  author={Ma, Xuezhe and Hovy, Eduard},
  journal={arXiv preprint arXiv:1603.01354},
  year={2016}
}

@article{chiu2015named,
  title={Named entity recognition with bidirectional LSTM-CNNs},
  author={Chiu, Jason PC and Nichols, Eric},
  journal={arXiv preprint arXiv:1511.08308},
  year={2015}
}

@article{lecun1995convolutional,
  title={Convolutional networks for images, speech, and time series},
  author={LeCun, Yann and Bengio, Yoshua and others},
  journal={The handbook of brain theory and neural networks},
  volume={3361},
  number={10},
  pages={1995},
  year={1995}
}

@inproceedings{he2016ups,
  title={Ups and downs: Modeling the visual evolution of fashion trends with one-class collaborative filtering},
  author={He, Ruining and McAuley, Julian},
  booktitle={proceedings of the 25th international conference on world wide web},
  pages={507--517},
  year={2016},
  organization={International World Wide Web Conferences Steering Committee}
}
@article{bojanowski2016enriching,
  title={Enriching Word Vectors with Subword Information},
  author={Bojanowski, Piotr and Grave, Edouard and Joulin, Armand and Mikolov, Tomas},
  journal={arXiv preprint arXiv:1607.04606},
  year={2016}
}
@article{kalchbrenner2014convolutional,
  title={A convolutional neural network for modelling sentences},
  author={Kalchbrenner, Nal and Grefenstette, Edward and Blunsom, Phil},
  journal={arXiv preprint arXiv:1404.2188},
  year={2014}
}
@inproceedings{strubell2017fast,
  title={Fast and accurate entity recognition with iterated dilated convolutions},
  author={Strubell, Emma and Verga, Patrick and Belanger, David and McCallum, Andrew},
  booktitle={Proceedings of the 2017 Conference on Empirical Methods in Natural Language Processing},
  pages={2670--2680},
  year={2017}
}
@inproceedings{zhang2015character,
  title={Character-level convolutional networks for text classification},
  author={Zhang, Xiang and Zhao, Junbo and LeCun, Yann},
  booktitle={Advances in neural information processing systems},
  pages={649--657},
  year={2015}
}
@article{gehring2017convolutional,
  title={Convolutional sequence to sequence learning},
  author={Gehring, Jonas and Auli, Michael and Grangier, David and Yarats, Denis and Dauphin, Yann N},
  journal={arXiv preprint arXiv:1705.03122},
  year={2017}
}

@inproceedings{pennington2014glove,
  title={Glove: Global vectors for word representation},
  author={Pennington, Jeffrey and Socher, Richard and Manning, Christopher},
  booktitle={Proceedings of the 2014 conference on empirical methods in natural language processing (EMNLP)},
  pages={1532--1543},
  year={2014}
}

@article{blumer1987occam,
  title={Occam's razor},
  author={Blumer, Anselm and Ehrenfeucht, Andrzej and Haussler, David and Warmuth, Manfred K},
  journal={Information processing letters},
  volume={24},
  number={6},
  pages={377--380},
  year={1987},
  publisher={Elsevier}
}
@inproceedings{he2017unsupervised,
  title={An Unsupervised Neural Attention Model for Aspect Extraction},
  author={He, Ruidan and Lee, Wee Sun and Ng, Hwee Tou and Dahlmeier, Daniel},
  booktitle={Proceedings of the 55th Annual Meeting of the Association for Computational Linguistics (Volume 1: Long Papers)},
  volume={1},
  pages={388--397},
  year={2017}
}

@article{poria2016aspect,
  title={Aspect extraction for opinion mining with a deep convolutional neural network},
  author={Poria, Soujanya and Cambria, Erik and Gelbukh, Alexander},
  journal={Knowledge-Based Systems},
  volume={108},
  pages={42--49},
  year={2016},
  publisher={Elsevier}
}

@inproceedings{liu2015fine,
  title={Fine-grained opinion mining with recurrent neural networks and word embeddings},
  author={Liu, Pengfei and Joty, Shafiq and Meng, Helen},
  booktitle={Proceedings of the 2015 Conference on Empirical Methods in Natural Language Processing},
  pages={1433--1443},
  year={2015}
}

@inproceedings{shu2017doc,
  title={DOC: Deep Open Classification of Text Documents},
  author={Shu, Lei and Xu, Hu and Liu, Bing},
  booktitle={Proceedings of the 2017 Conference on Empirical Methods in Natural Language Processing},
  pages={2911--2916},
  year={2017}
}

@inproceedings{li2017deep,
  title={Deep Multi-Task Learning for Aspect Term Extraction with Memory Interaction},
  author={Li, Xin and Lam, Wai},
  booktitle={Proceedings of the 2017 Conference on Empirical Methods in Natural Language Processing},
  pages={2886--2892},
  year={2017}
}
@inproceedings{wang2017coupled,
  title={Coupled Multi-Layer Attentions for Co-Extraction of Aspect and Opinion Terms.},
  author={Wang, Wenya and Pan, Sinno Jialin and Dahlmeier, Daniel and Xiao, Xiaokui},
  booktitle={AAAI},
  pages={3316--3322},
  year={2017}
}
@article{wang2016recursive,
  title={Recursive neural conditional random fields for aspect-based sentiment analysis},
  author={Wang, Wenya and Pan, Sinno Jialin and Dahlmeier, Daniel and Xiao, Xiaokui},
  journal={arXiv preprint arXiv:1603.06679},
  year={2016}
}
@article{yin2016unsupervised,
  title={Unsupervised word and dependency path embeddings for aspect term extraction},
  author={Yin, Yichun and Wei, Furu and Dong, Li and Xu, Kaimeng and Zhang, Ming and Zhou, Ming},
  journal={arXiv preprint arXiv:1605.07843},
  year={2016}
}
@inproceedings{xenos2016aueb,
  title={Aueb-absa at semeval-2016 task 5: Ensembles of classifiers and embeddings for aspect based sentiment analysis},
  author={Xenos, Dionysios and Theodorakakos, Panagiotis and Pavlopoulos, John and Malakasiotis, Prodromos and Androutsopoulos, Ion},
  booktitle={Proceedings of the 10th International Workshop on Semantic Evaluation (SemEval-2016)},
  pages={312--317},
  year={2016}
}
@inproceedings{toh2014dlirec,
  title={Dlirec: Aspect term extraction and term polarity classification system},
  author={Toh, Zhiqiang and Wang, Wenting},
  booktitle={Proceedings of the 8th International Workshop on Semantic Evaluation (SemEval 2014)},
  pages={235--240},
  year={2014}
}
@inproceedings{toh2016nlangp,
  title={NLANGP at SemEval-2016 task 5: Improving aspect based sentiment analysis using neural network features},
  author={Toh, Zhiqiang and Su, Jian},
  booktitle={Proceedings of the 10th international workshop on semantic evaluation (SemEval-2016)},
  pages={282--288},
  year={2016}
}
@inproceedings{chernyshevich2014ihs,
  title={Ihs r\&d belarus: Cross-domain extraction of product features using crf},
  author={Chernyshevich, Maryna},
  booktitle={Proceedings of the 8th International Workshop on Semantic Evaluation (SemEval 2014)},
  pages={309--313},
  year={2014}
}
@article{cuong2014conditional,
  title={Conditional random field with high-order dependencies for sequence labeling and segmentation},
  author={Cuong, Nguyen Viet and Ye, Nan and Lee, Wee Sun and Chieu, Hai Leong},
  journal={Journal of Machine Learning Research},
  volume={15},
  pages={981--1009},
  year={2014},
  publisher={Journal of Machine Learning Research}
}
@inproceedings{sarawagi2005semi,
  title={Semi-markov conditional random fields for information extraction},
  author={Sarawagi, Sunita and Cohen, William W},
  booktitle={Advances in neural information processing systems},
  pages={1185--1192},
  year={2005}
}
@InProceedings{pontiki2014SemEval,
  author    = {Pontiki, Maria  and  Galanis, Dimitris  and  Pavlopoulos, John  and  Papageorgiou, Harris  and  Androutsopoulos, Ion  and  Manandhar, Suresh},
  title     = {SemEval-2014 Task 4: Aspect Based Sentiment Analysis},
  booktitle = {Proceedings of the 8th International Workshop on Semantic Evaluation (SemEval 2014)},
  month     = {August},
  year      = {2014},
  address   = {Dublin, Ireland},
  publisher = {Association for Computational Linguistics and Dublin City University},
  pages     = {27--35},
  url       = {http://www.aclweb.org/anthology/S14-2004}
}
@inproceedings{pontiki2016semeval,
  title={SemEval-2016 task 5: Aspect based sentiment analysis},
  author={Pontiki, Maria and Galanis, Dimitris and Papageorgiou, Haris and Androutsopoulos, Ion and Manandhar, Suresh and Mohammad, AL-Smadi and Al-Ayyoub, Mahmoud and Zhao, Yanyan and Qin, Bing and De Clercq, Orph{\'e}e and others},
  booktitle={Proceedings of the 10th international workshop on semantic evaluation (SemEval-2016)},
  pages={19--30},
  year={2016}
}

@inproceedings{shu2017lifelong,
  title={Lifelong Learning CRF for Supervised Aspect Extraction},
  author={Shu, Lei and Xu, Hu and Liu, Bing},
  booktitle={Proceedings of the 55th Annual Meeting of the Association for Computational Linguistics (Volume 2: Short Papers)},
  volume={2},
  pages={148--154},
  year={2017}
}
@inproceedings{xu2016cer,
  title={Cer: Complementary entity recognition via knowledge expansion on large unlabeled product reviews},
  author={Xu, Hu and Xie, Sihong and Shu, Lei and Philip, S Yu},
  booktitle={Big Data (Big Data), 2016 IEEE International Conference on},
  pages={793--802},
  year={2016},
  organization={IEEE}
}
@inproceedings{shu2016lifelong,
  title={Lifelong-rl: Lifelong relaxation labeling for separating entities and aspects in opinion targets},
  author={Shu, Lei and Liu, Bing and Xu, Hu and Kim, Annice},
  booktitle={Proceedings of the Conference on Empirical Methods in Natural Language Processing (EMNLP)},
  year={2016}
}


@article{hochreiter1997long,
  title={Long short-term memory},
  author={Hochreiter, Sepp and Schmidhuber, J{\"u}rgen},
  journal={Neural computation},
  volume={9},
  number={8},
  pages={1735--1780},
  year={1997},
  publisher={MIT Press}
}
@article{gers2002learning,
  title={Learning precise timing with LSTM recurrent networks},
  author={Gers, Felix A and Schraudolph, Nicol N and Schmidhuber, J{\"u}rgen},
  journal={Journal of machine learning research},
  volume={3},
  number={Aug},
  pages={115--143},
  year={2002}
}

@article{schuster1997bidirectional,
  title={Bidirectional recurrent neural networks},
  author={Schuster, Mike and Paliwal, Kuldip K},
  journal={IEEE Transactions on Signal Processing},
  volume={45},
  number={11},
  pages={2673--2681},
  year={1997},
  publisher={IEEE}
}
@article{williams1989learning,
  title={A learning algorithm for continually running fully recurrent neural networks},
  author={Williams, Ronald J and Zipser, David},
  journal={Neural computation},
  volume={1},
  number={2},
  pages={270--280},
  year={1989},
  publisher={MIT Press}
}

@misc{20news,
    author = {Rennie, Jason},
    title = {20 newsgroup dataset},
    year = {2008}
} 
@inproceedings{chen2014mining,
  title={Mining topics in documents: standing on the shoulders of big data},
  author={Chen, Zhiyuan and Liu, Bing},
  booktitle={Proceedings of the 20th ACM SIGKDD international conference on Knowledge discovery and data mining},
  pages={1116--1125},
  year={2014},
  organization={ACM}
}
@inproceedings{dalvi2013exploratory,
  title={Exploratory learning},
  author={Dalvi, Bhavana and Cohen, William W and Callan, Jamie},
  booktitle={Joint European Conference on Machine Learning and Knowledge Discovery in Databases},
  pages={128--143},
  year={2013},
  organization={Springer}
}
@article{scheirer2014probability,
  title={Probability models for open set recognition},
  author={Scheirer, Walter J and Jain, Lalit P and Boult, Terrance E},
  journal={IEEE transactions on pattern analysis and machine intelligence},
  volume={36},
  number={11},
  pages={2317--2324},
  year={2014},
  publisher={IEEE}
}
@inproceedings{jain2014multi,
  title={Multi-class open set recognition using probability of inclusion},
  author={Jain, Lalit P and Scheirer, Walter J and Boult, Terrance E},
  booktitle={European Conference on Computer Vision},
  pages={393--409},
  year={2014},
  organization={Springer}
}
@article{tax2004support,
  title={Support vector data description},
  author={Tax, David MJ and Duin, Robert PW},
  journal={Machine learning},
  volume={54},
  number={1},
  pages={45--66},
  year={2004},
  publisher={Springer}
}
@article{scholkopf2001estimating,
  title={Estimating the support of a high-dimensional distribution},
  author={Sch{\"o}lkopf, Bernhard and Platt, John C and Shawe-Taylor, John and Smola, Alex J and Williamson, Robert C},
  journal={Neural computation},
  volume={13},
  number={7},
  pages={1443--1471},
  year={2001},
  publisher={MIT Press}
}
@article{tsoumakas2006multi,
  title={Multi-label classification: An overview},
  author={Tsoumakas, Grigorios and Katakis, Ioannis},
  journal={International Journal of Data Warehousing and Mining},
  volume={3},
  number={3},
  year={2006}
}
@book{Goodfellow-et-al-2016,
    title={Deep Learning},
    author={Ian Goodfellow and Yoshua Bengio and Aaron Courville},
    publisher={MIT Press},
    note={\url{http://www.deeplearningbook.org}},
    year={2016}
}
@article{kim2014convolutional,
  title={Convolutional neural networks for sentence classification},
  author={Kim, Yoon},
  journal={arXiv preprint arXiv:1408.5882},
  year={2014}
}

@inproceedings{bendale2016towards,
  title={Towards open set deep networks},
  author={Bendale, Abhijit and Boult, Terrance E},
  booktitle={Proceedings of the IEEE Conference on Computer Vision and Pattern Recognition},
  pages={1563--1572},
  year={2016}
}

@article{scheirer2013toward,
  title={Toward open set recognition},
  author={Scheirer, Walter J and de Rezende Rocha, Anderson and Sapkota, Archana and Boult, Terrance E},
  journal={IEEE Transactions on Pattern Analysis and Machine Intelligence},
  volume={35},
  number={7},
  pages={1757--1772},
  year={2013},
  publisher={IEEE}
}

@incollection{caruana1998multitask,
  title={Multitask learning},
  author={Caruana, Rich},
  booktitle={Learning to learn},
  pages={95--133},
  year={1998},
  publisher={Springer}
}
@article{zhang2006multilabel,
  title={Multilabel neural networks with applications to functional genomics and text categorization},
  author={Zhang, Min-Ling and Zhou, Zhi-Hua},
  journal={IEEE transactions on Knowledge and Data Engineering},
  volume={18},
  number={10},
  pages={1338--1351},
  year={2006},
  publisher={IEEE}
}
@inproceedings{huang2013multi,
  title={Multi-task deep neural network for multi-label learning},
  author={Huang, Yan and Wang, Wei and Wang, Liang and Tan, Tieniu},
  booktitle={Image Processing (ICIP), 2013 20th IEEE International Conference on},
  pages={2897--2900},
  year={2013},
  organization={IEEE}
}
@article{collobert2011natural,
  title={Natural language processing (almost) from scratch},
  author={Collobert, Ronan and Weston, Jason and Bottou, L{\'e}on and Karlen, Michael and Kavukcuoglu, Koray and Kuksa, Pavel},
  journal={Journal of Machine Learning Research},
  volume={12},
  number={Aug},
  pages={2493--2537},
  year={2011}
}

@inproceedings{fei2016breaking,
  title={Breaking the Closed World Assumption in Text Classification},
  author={Fei, Geli and Liu, Bing},
  booktitle={Proceedings of NAACL-HLT},
  pages={506--514},
  year={2016}
}

@inproceedings{fei2016learning,
  title={Learning cumulatively to become more knowledgeable},
  author={Fei, Geli and Wang, Shuai and Liu, Bing},
  booktitle={Proceedings of the 22nd ACM SIGKDD International Conference on Knowledge Discovery and Data Mining},
  pages={1565--1574},
  year={2016},
  organization={ACM}
}


@article{feilearning,
  title={Learning Cumulatively to Become More Knowledgeable},
  author={Fei, Geli and Wang, Shuai and Liu, Bing}
}



@article{he2013dynamic,
  title={Dynamic joint sentiment-topic model},
  author={He, Yulan and Lin, Chenghua and Gao, Wei and Wong, Kam-Fai},
  journal={ACM Transactions on Intelligent Systems and Technology (TIST)},
  volume={5},
  number={1},
  pages={6},
  year={2013},
  publisher={ACM}
}

@article{katiyarinvestigating,
  title={Investigating LSTMs for Joint Extraction of Opinion Entities and Relations},
  author={Katiyar, Arzoo and Cardie, Claire}
}

@inproceedings{liu2016improving,
  title={Improving Opinion Aspect Extraction Using Semantic Similarity and Aspect Associations},
  author={Liu, Qian and Liu, Bing and Zhang, Yuanlin and Kim, Doo Soon and Gao, Zhiqiang},
  booktitle={Thirtieth AAAI Conference on Artificial Intelligence},
  year={2016}
}

@article{pan2010survey,
  title={A survey on transfer learning},
  author={Pan, Sinno Jialin and Yang, Qiang},
  journal={IEEE Transactions on knowledge and data engineering},
  volume={22},
  number={10},
  pages={1345--1359},
  year={2010},
  publisher={IEEE}
}

@article{zhao2015creating,
  title={Creating a fine-grained corpus for Chinese sentiment analysis},
  author={Zhao, Yanyan and Qin, Bing and Liu, Ting},
  journal={IEEE Intelligent Systems},
  volume={30},
  number={1},
  pages={36--43},
  year={2015},
  publisher={IEEE}
}


@article{ruvolo2013ella,
  title={ELLA: An Efficient Lifelong Learning Algorithm.},
  author={Ruvolo, Paul and Eaton, Eric},
  journal={ICML (1)},
  volume={28},
  pages={507--515},
  year={2013}
}

@inproceedings{silver2013lifelong,
  title={Lifelong Machine Learning Systems: Beyond Learning Algorithms.},
  author={Silver, Daniel L and Yang, Qiang and Li, Lianghao},
  booktitle={AAAI Spring Symposium: Lifelong Machine Learning},
  pages={49--55},
  year={2013},
  organization={Citeseer}
}

@incollection{thrun1998lifelong,
  title={Lifelong learning algorithms},
  author={Thrun, Sebastian},
  booktitle={Learning to learn},
  pages={181--209},
  year={1998},
  publisher={Springer}
}


@article{lample2016neural,
  title={Neural architectures for named entity recognition},
  author={Lample, Guillaume and Ballesteros, Miguel and Subramanian, Sandeep and Kawakami, Kazuya and Dyer, Chris},
  journal={arXiv preprint arXiv:1603.01360},
  year={2016}
}

@article{DavisLL62,
  author    = {Martin Davis and
               George Logemann and
               Donald W. Loveland},
  title     = {A machine program for theorem-proving},
  journal   = {Commun. ACM},
  volume    = {5},
  number    = {7},
  year      = {1962},
  pages     = {394-397}
}

@misc{ErdemLL12,
  title={Theory and Practice of Answer Set Programming -- AAAI12 Tutorial},
  author={Esra Erdem and Joohyung Lee and Yuliya Lierler},
  howpublished = "\url{http:// http://reu.uncc.edu/cise-reu-toolkit}"
}

@article{AntoniouB07,
  author    = {Grigoris Antoniou and
               Antonis Bikakis},
  title     = {DR-Prolog: A System for Defeasible Reasoning with Rules
               and Ontologies on the Semantic Web},
  journal   = {IEEE Trans. Knowl. Data Eng.},
  volume    = {19},
  number    = {2},
  year      = {2007},
  pages     = {233-245}
}

@inproceedings{MoghaddamE2010,
 author = {Moghaddam, Samaneh and Ester, Martin},
 title = {Opinion digger: an unsupervised opinion miner from unstructured product reviews},
 booktitle = {CIKM '10},
 year = {2010},
 pages = {1825--1828}
}

@inproceedings{Branavan2008,
  author    = {S. R. K. Branavan and
               Harr Chen and
               Jacob Eisenstein and
               Regina Barzilay},
  title     = {Learning Document-Level Semantic Properties from Free-Text Annotations},
  booktitle = {ACL '08},
  year      = {2008},
  pages     = {263-271}
}

@inproceedings{Brody2010,
 author = {Brody, Samuel and Elhadad, Noemie},
 title = {An unsupervised aspect-sentiment model for online reviews},
 booktitle = {NAACL '10},
 year = {2010},
 pages = {804--812}
}


@inproceedings{Blair-goldensohn08,
    author = {Sasha Blair-Goldensohn and Tyler Neylon and Kerry Hannan and George A. Reis and Ryan Mcdonald and Jeff Reynar},
    title = {Building A Sentiment Summarizer For Local Service Reviews},
    booktitle = {WWW '08 workshop on NLP in the Information Explosion Era},
    year = {2008}
}

@inproceedings{Carenini2005,
 author = {Carenini, Giuseppe and Ng, Raymond T. and Zwart, Ed},
 title = {Extracting Knowledge From Evaluative Text},
 booktitle = {K-CAP '05},
 year = {2005},
 pages = {11--18}
}


@inproceedings{Choi2010,
 author = {Choi, Yejin and Cardie, Claire},
 title = {Hierarchical Sequential Learning For Extracting Opinions and Their Attributes},
 booktitle = {ACL '10},
 year = {2010},
 pages = {269--274}
}


@inproceedings{Jo2011,
 author = {Jo, Yohan and Oh, Alice H.},
 title = {Aspect and Sentiment Unification Model For Online Review Analysis},
 booktitle = {WSDM '11},
 year = {2011},
 pages = {815--824}
}


@inproceedings{KuLC06,
  author    = {Lun-Wei Ku and
               Yu-Ting Liang and
               Hsin-Hsi Chen},
  title     = {Opinion Extraction, Summarization and Tracking in News and Blog Corpora},
  booktitle = {AAAI Spring Symposium: Computational Approaches to Analyzing Weblogs},
  year      = {2006},
  pages     = {100-107}
}


@inproceedings{Lin2009,
 author = {Lin, Chenghua and He, Yulan},
 title = {Joint Sentiment/Topic Model For Sentiment Analysis},
 booktitle = {CIKM '09},
 year = {2009},
 pages = {375--384}
}

@inproceedings{LuZhai2009,
 author = {Lu, Yue and Zhai, ChengXiang and Sundaresan, Neel},
 title = {Rated Aspect Summarization of Short Comments},
 booktitle = {WWW '09},
 year = {2009},
 pages = {131--140}
}

@inproceedings{MaWang2010,
 author = {Ma, Tengfei and Wan, Xiaojun},
 title = {Opinion Target Extraction in Chinese News Comments},
 booktitle = {COLING '10: Posters},
 year = {2010},
 pages = {782--790}
}


@inproceedings{Wang2010,
 author = {Wang, Hongning and Lu, Yue and Zhai, Chengxiang},
 title = {Latent Aspect Rating Analysis on Review Text Data: A Rating Regression Approach},
 booktitle = {KDD '10},
 year = {2010},
 pages = {783--792}
}


@inproceedings{YuZha2011,
 author = {Yu, Jianxing and Zha, Zheng-Jun and Wang, Meng and Chua, Tat-Seng},
 title = {Aspect Ranking: Identifying Important Product Aspects From Online Consumer Reviews},
 booktitle = {ACL '11},
 year = {2011},
 pages = {1496--1505}
}


@inproceedings{ZhaoJiang2010,
 author = {Zhao, Wayne Xin and Jiang, Jing and Yan, Hongfei and Li, Xiaoming},
 title = {Jointly Modeling Aspects and Opinions with A MaxEnt-LDA Hybrid},
 booktitle = {EMNLP '10},
 year = {2010},
 pages = {56--65}
}

@inproceedings{LiuXu2012,
 author = {Liu, Kang and Xu, Liheng and Zhao, Jun},
 title = {Opinion Target Extraction Using Word-based Translation Model},
 booktitle = {EMNLP-CoNLL '12},
 year = {2012},
 pages = {1346--1356}
}

@book{Liu2012,
  author    = {Bing Liu},
  title     = {Sentiment Analysis and Opinion Mining},
  publisher = {Morgan {\&} Claypool Publishers},
  booktitle    = {Synthesis Lectures on Human Language Technologies},
  year      = {2012}
}

@book{ChenLiu2016,
  author    = {Chen, Zhiyuan and Liu, Bing},
  title     = {Lifelong Machine Learning},
  publisher = {Morgan {\&} Claypool Publishers},
  booktitle    = {Synthesis Lectures on Artificial Intelligence and Machine Learning},
  year      = {2016}
}

@inproceedings{HuL2004,
 author = {Hu, Minqing and Liu, Bing},
 title = {Mining and summarizing customer reviews},
 booktitle = {KDD '04},
 year = {2004},
 pages = {168--177}
}


@inproceedings{PopescuNE2005,
 author = {Popescu, Ana-Maria and Etzioni, Oren},
 title = {Extracting product features and opinions from reviews},
 booktitle = {HLT-EMNLP '05},
 year = {2005},
 pages = {339--346}
}


@inproceedings{HuL2006,
 author = {Hu, Minqing and Liu, Bing},
 title = {Opinion extraction and summarization on the web},
 booktitle = {AAAI'06},
 year = {2006},
 volume = {2},
 pages = {1621--1624}
}

@inproceedings{KobayashiIM2007,
  author    = {Kobayashi, Nozomi  and  Inui, Kentaro  and  Matsumoto, Yuji},
  title     = {Extracting Aspect-Evaluation and Aspect-Of Relations in Opinion Mining},
  booktitle = {EMNLP-CoNLL '07},
  year      = {2007},
  pages     = {1065--1074}
}

@inproceedings{TitovM2008,
  author    = {Titov, Ivan  and  McDonald, Ryan},
  title     = {A Joint Model of Text and Aspect Ratings for Sentiment Summarization},
  booktitle = {ACL '08: HLT},
  year      = {2008},
  pages     = {308--316}
}


@inproceedings{WuZHW2009,
 author = {Wu, Yuanbin and Zhang, Qi and Huang, Xuanjing and Wu, Lide},
 title = {Phrase Dependency Parsing for Opinion Mining},
 booktitle = {EMNLP '09},
 year = {2009},
 pages = {1533--1541}
}

@inproceedings{Cadilhac2010,
  author    = {Cadilhac Anais  and
                Benamara Farah  and
                Aussenac-Gilles Nathalie},
  title     = {Ontolexical resources for feature-based opinion mining: a case-study},
  booktitle = {the {6th} Workshop on {Ontologies and Lexical Resources}},
  year      = {2010},
  pages     = {77-86}
}

@inproceedings{LiZ2011,
  author    = {Yufeng Li and
               Zhihua Zhou},
  title     = {Improving Semi-Supervised Support Vector Machines Through Unlabeled Instances Selection},
  booktitle = {AAAI '11},
  year      = {2011}
}

@article{QiuLBC2011,
 author = {Qiu, Guang and Liu, Bing and Bu, Jiajun and Chen, Chun},
 title = {Opinion Word Expansion and Target Extraction through Double Propagation},
 journal = {Computational Linguistics},
 volume = {37},
 number = {1},
 year = {2011},
 pages = {9--27}
}


@inproceedings{Mukherjee2012,
 author = {Mukherjee, Arjun and Liu, Bing},
 title = {Aspect Extraction through Semi-Supervised Modeling},
 booktitle = {ACL '12},
 year = {2012},
 volume = {1},
 pages = {339--348}
}

@article{Ferrucci2010,
  author    = {David A. Ferrucci and Eric W. Brown and Jennifer Chu-Carroll
                    and James Fan and David Gondek and Aditya Kalyanpur and
                    Adam Lally and J. William Murdock and Eric Nyberg and John M. Prager
                    and Nico Schlaefer and Christopher A. Welty},
  title     = {Building Watson: An Overview of the {DeepQA} Project},
  journal   = {AI Magazine},
  volume    = {31},
  number    = {3},
  year      = {2010},
  pages     = {59-79}
}

@inproceedings{LiuHC2005,
 author = {Liu, Bing and Hu, Minqing and Cheng, Junsheng},
 title = {Opinion Observer: Analyzing and Comparing Opinions on the Web},
 booktitle = {WWW '05},
 year = {2005},
 pages = {342--351}
}

@inproceedings{Moghaddam2011,
 author = {Moghaddam, Samaneh and Ester, Martin},
 title = {{ILDA}: interdependent LDA model for learning latent aspects and their ratings from online product reviews},
 booktitle = {SIGIR '11},
 year = {2011},
 pages = {665--674}
}


@inproceedings{MeiLWSZ2007,
 author = {Mei, Qiaozhu and Ling, Xu and Wondra, Matthew and Su, Hang and Zhai, ChengXiang},
 title = {Topic Sentiment Mixture: Modeling Facets and Opinions in Weblogs},
 booktitle = {WWW '07},
 year = {2007},
 pages = {171--180}
}

@inproceedings{ZhuangJZ2006,
 author = {Zhuang, Li and Jing, Feng and Zhu, Xiao-Yan},
 title = {Movie Review Mining and Summarization},
 booktitle = {CIKM '06},
 year = {2006},
 pages = {43--50}
}

@book{Tesniere1959,
  author    ={Lucien Tesni{\`e}re},
  title        ={{\'E}l{\'e}ments de syntaxe structurale},
  year        ={1959},
  publisher={{\'E}ditions Klinksieck}
}

@inproceedings{SuXGGWZSS2008,
  author    = {Qi Su and
               Xinying Xu and
               Honglei Guo and
               Zhili Guo and
               Xian Wu and
               Xiaoxun Zhang and
               Bin Swen and
               Zhong Su},
  title     = {Hidden sentiment association in chinese web opinion mining},
  booktitle = {WWW '08},
  year      = {2008},
  pages     = {959-968}
}

@article{Fellbaum1998,
  author    = {Christiane Fellbaum},
  title     = {A Semantic Network of English: The Mother of All WordNets},
  journal   = {Computers and the Humanities},
  volume    = {32},
  number    = {2-3},
  year      = {1998},
  pages     = {209-220}
}

@inproceedings{HaiCK2011,
 author = {Hai, Zhen and Chang, Kuiyu and Kim, Jung-jae},
 title = {Implicit Feature Identification via Co-occurrence Association Rule Mining},
 booktitle = {CICLing '11},
 year = {2011},
 pages = {393-404}
}



@inproceedings{LiWZ2012,
  author    = {Shoushan Li and
               Rongyang Wang and
               Guodong Zhou},
  title     = {Opinion Target Extraction Using a Shallow Semantic Parsing Framework},
  booktitle = {AAAI '12},
  year      = {2012},
  pages     = {1671-1677}
}

@inproceedings{EiterIPST2006,
  author    = {Thomas Eiter and
               Giovambattista Ianni and
               Axel Polleres and
               Roman Schindlauer and
               Hans Tompits},
  title     = {Reasoning with Rules and Ontologies},
  booktitle = {Reasoning Web},
  year      = {2006},
  pages     = {93-127}
}

@article{Balduccini2008,
  title={Knowledge representation and question answering},
  author={Marcello Balduccini and
                Chitta Baral and
                Yulia Lierler},
  journal={Foundations of Artificial Intelligence},
  volume={3},
  year={2008},
  publisher={Elsevier},
  pages={779-819}
}

@inproceedings{GelfondL88,
  author    = {Michael Gelfond and
               Vladimir Lifschitz},
  title     = {The Stable Model Semantics for Logic Programming},
  booktitle = {Proceeding of the Fifth Logic Programming Symposium},
  year      = {1988},
  pages     = {1070-1080}
}


@book{Gelfond2008,
  author    = {Michael Gelfond},
  title     = {Answer Sets},
  publisher = {Elsevier},
  year      = {2008},
  pages     = {285-316},
}

@article{LallyF2011,
    author = { Adam Lally and
            Paul Fodor},
    title = {Natural Language Processing With Prolog in the BM Watson System},
    journal = {ALP Newsletter},
    year = {2011},
    volume = {15}
}

@inproceedings{BaoZZ2011,
  author    = {Forrest Sheng Bao and
               Zhizheng Zhang and
               Yuanlin Zhang},
  title     = {Medical Treatment Conflict Resolving in Answer Set Programming},
  booktitle = {AAAI '11},
  year      = {2011}
}

@article{Tim2001,
  title={The semantic web},
  author={	Berners-Lee Tim and
            James Hendler and
            Ora Lassila},
  journal={Scientific American},
  volume={284},
  number={5},
  year={2001},
  pages={28-37}
}

@article{Sabou2005,
	author = {Marta Sabou and
            Chris Wroe and
            Carole Goble and
            Heiner Stuckenschmidt},
	title = {Learning Domain Ontologies for Semantic Web Service Descriptions},
	journal = {Web Semantics: Science, Services and Agents on the World Wide Web},
	volume = {3},
	number = {4},
	year = {2005},
    pages={340-365}
}

@article{GebserKS12,
 author = {Gebser, Martin and Kaufmann, Benjamin and Schaub, Torsten},
 title = {Conflict-driven Answer Set Solving: From Theory to Practice},
 journal = {Artif. Intell.},
 volume = {187-188},
 year = {2012},
 pages = {52-89}
}

@inproceedings{GebserKNS2007,
  author    = {Martin Gebser and
               Benjamin Kaufmann and
               Andr{\'e} Neumann and
               Torsten Schaub},
  title     = {Conflict-Driven Answer Set Solving},
  booktitle = {IJCAI '07},
  year      = {2007},
  pages     = {386-392}
}

@article{FaberPLDI08,
 author = {Faber, Wolfgang and Pfeifer, Gerald and Leone, Nicola and Dell'armi, Tina and Ielpa, Giuseppe},
 title = {Design and Implementation of Aggregate Functions in the DLV System},
 journal = {Theory Pract. Log. Program.},
 volume = {8},
 number = {5-6},
 year = {2008},
 publisher = {Cambridge University Press},
 pages = {545-580}
}

@inproceedings{Mccarthy59,
    author = {John McCarthy},
    title = {Programs with common sense},
    booktitle = {Semantic Information Processing},
    year = {1959},
    pages = {403-418}
}

@inproceedings{MoskewiczMZZM01,
 author = {Moskewicz, Matthew W and Madigan, Conor F and Zhao, Ying and Zhang, Lintao and Malik, Sharad},
 title = {Chaff: Engineering an Efficient SAT Solver},
 booktitle = {DAC '01},
 year = {2001},
 pages = {530-535}
}


@article{Miller95wordnet,
 author = {Miller, George A.},
 title = {WordNet: a lexical database for English},
 journal = {Communications of the ACM},
 volume = {38},
 number = {11},
 year = {1995},
 pages = {39-41}
}


@inproceedings{Jakob2010,
 author = {Jakob, Niklas and Gurevych, Iryna},
 title = {Extracting opinion targets in a single- and cross-domain setting with conditional random fields},
 booktitle = {EMNLP '10},
 year = {2010},
 pages = {1035-1045}
}

@inproceedings{Li2010,
 author = {Li, Fangtao and Han, Chao and Huang, Minlie and Zhu, Xiaoyan and Xia, Ying-Ju and Zhang, Shu and Yu, Hao},
 title = {Structure-aware review mining and summarization},
 booktitle = {COLING '10},
 year = {2010},
 pages = {653-661}
}

@inproceedings{Sauper2011,
 author = {Sauper, Christina and Haghighi, Aria and Barzilay, Regina},
 title = {Content Models with Attitude},
 booktitle = {ACL '11: HLT},
 year = {2011},
 pages = {350-358}
}

@inproceedings{Scaffidi2007,
 author = {Scaffidi, Christopher and Bierhoff, Kevin and Chang, Eric and Felker, Mikhael and Ng, Herman and Jin, Chun},
 title = {Red Opal: Product-feature Scoring from Reviews},
 booktitle = {EC '07},
 year = {2007},
 pages = {182-191}
}


@inproceedings{Zhu2009,
 author = {Zhu, Jingbo and Wang, Huizhen and Tsou, Benjamin K. and Zhu, Muhua},
 title = {Multi-aspect Opinion Polling from Textual Reviews},
 booktitle = {CIKM '09},
 year = {2009},
 pages = {1799-1802}
}


@inproceedings{Zhao2010,
 author = {Zhao, Wayne Xin and Jiang, Jing and Yan, Hongfei and Li, Xiaoming},
 title = {Jointly Modeling Aspects and Opinions with a MaxEnt-LDA Hybrid},
 booktitle = {EMNLP '10},
 year = {2010},
 pages = {56-65}
 }


@inproceedings{Liu2007,
 author = {Liu, Yang and Huang, Xiangji and An, Aijun and Yu, Xiaohui},
 title = {ARSA: A Sentiment-aware Model for Predicting Sales Performance Using Blogs},
 booktitle = {SIGIR '07},
 year = {2007},
 pages = {607-614}
}


@inproceedings{Lu2008,
 author = {Lu, Yue and Zhai, Chengxiang},
 title = {Opinion Integration Through Semi-supervised Topic Modeling},
 booktitle = {WWW '08},
 year = {2008},
 pages = {121-130}
}

@article{Zheng2014,
  title={Incorporating appraisal expression patterns into topic modeling for aspect and sentiment word identification},
  author={Zheng, Xiaolin and Lin, Zhen and Wang, Xiaowei and Lin, Kwei-Jay and Song, Meina},
  journal={Knowledge-Based Systems},
  volume={61},
  year={2014},
  publisher={Elsevier},
  pages={29-47}
}

@inproceedings{Kobayashi2006,
  title={Opinion Mining on the Web by Extracting Subject-Aspect-Evaluation Relations.},
  author={Kobayashi, Nozomi and Iida, Ryu and Inui, Kentaro and Matsumoto, Yuji},
  booktitle={AAAI Spring Symposium: Computational Approaches to Analyzing Weblogs},
  year={2006},
  pages={86-91}
}

@inproceedings{Somasundaran2009,
 author = {Somasundaran, Swapna and Wiebe, Janyce},
 title = {Recognizing Stances in Online Debates},
 booktitle = {the Joint Conference of the 47th Annual Meeting of the ACL and the 4th International Joint Conference on Natural Language Processing of the AFNLP},
 year = {2009},
 pages = {226-234}
}

@inproceedings{Zhang2010,
 author = {Zhang, Lei and Liu, Bing and Lim, Suk Hwan and O'Brien-Strain, Eamonn},
 title = {Extracting and Ranking Product Features in Opinion Documents},
 booktitle = {COLING '10: Posters},
 year = {2010},
 pages = {1462-1470}
}

@inproceedings{Mitchell2015,
 author = {Mitchell, T and Cohen, W and Hruschka, E and Talukdar, P and Betteridge, J and Carlson, A and Dalvi, B and Gardner, M and Kisiel, B and Krishnamurthy, J and Lao, N and Mazaitis, K and Mohamed, T and Nakashole, N and Platanios, E and Ritter, A and Samadi, M and Settles, B and Wang, R and Wijaya, D and Gupta, A and Chen, X and Saparov, A and Greaves, M and J Welling},
 title = {Never-Ending Learning},
 booktitle = {AAAI'2015},
 year = {2015}
 
}

@inproceedings{WangWWW2016,
 author = {Wang, Shuai and Chen, Zhiyuan and Liu, Bing},
 title = {Mining Aspect-Speciﬁc Opinion using a Holistic Lifelong Topic Model},
 booktitle = {WWW '16},
 year = {2016}
}

@inproceedings{Johansson2010,
 author = {Johansson, Richard and Moschitti, Alessandro},
 title = {Syntactic and Semantic Structure for Opinion Expression Detection},
 booktitle = {Proceedings of the Fourteenth Conference on Computational Natural Language Learning},
 year = {2010},
 pages = {67-76}
 
}

@article{XuLiheng2013,
  title={Mining Opinion Words and Opinion Targets in a Two-Stage Framework},
  author={Xu, Liheng and Liu, Kang and Lai, Siwei and Chen, Yubo and Zhao, Jun},
  booktitle={the 51st Annual Meeting of the Association for Computational Linguistics},
  year={2013},
  publisher={Association for Computational Linguistics},
  pages={1764-1773}
}

@article{Manevitz2002,
 author = {Manevitz, Larry M. and Yousef, Malik},
 title = {One-class Svms for Document Classification},
 journal = {J. Mach. Learn. Res.},
 volume = {2},
 month = mar,
 year = {2002},
 numpages = {16},
 publisher = {JMLR.org},
 pages = {139-154}
}

@inproceedings{Kovelamudi2011,
  title={Domain Independent Model for Product Attribute Extraction from User Reviews using Wikipedia.},
  author={Kovelamudi, Sudheer and Ramalingam, Sethu and Sood, Arpit and Varma, Vasudeva},
  booktitle={IJCNLP '11},
  year={2011},
  pages={1408-1412}
}

@inproceedings{Yi2003,
  title={Sentiment analyzer: Extracting sentiments about a given topic using natural language processing techniques},
  author={Yi, Jeonghee and Nasukawa, Tetsuya and Bunescu, Razvan and Niblack, Wayne},
  booktitle={ICDM '03},
  year={2003},
  pages={427-434}
}


@inproceedings{Meng2009,
 author = {Meng, Xinfan and Wang, Houfeng},
 title = {Mining User Reviews: From Specification to Summarization},
 booktitle = {ACL-IJCNLP '09},
 year = {2009},
 pages = {177-180}
}

@inproceedings{Kim2006,
 author = {Kim, Soo-Min and Hovy, Eduard},
 title = {Extracting Opinions, Opinion Holders, and Topics Expressed in Online News Media Text},
 booktitle = {the Workshop on SST '06},
 year = {2006},
 pages = {1-8}
}


@inproceedings{Stoyanov2008,
 author = {Stoyanov, Veselin and Cardie, Claire},
 title = {Topic Identification for Fine-grained Opinion Analysis},
 booktitle = {COLING '08},
 year = {2008},
 volume = {1},
 pages = {817-824}
}

@inproceedings{LiuKang2012,
 author = {Liu, Kang and Xu, Liheng and Zhao, Jun},
 title = {Opinion Target Extraction Using Word-based Translation Model},
 booktitle = {EMNLP-CoNLL '12},
 year = {2012},
 pages = {1346-1356}
}

@article{Bagheri2013,
  title={Care more about customers: Unsupervised domain-independent aspect detection for sentiment analysis of customer reviews},
  author={Bagheri, Ayoub and Saraee, Mohamad and De Jong, Franciska},
  journal={Knowledge-Based Systems},
  volume={52},
  year={2013},
  publisher={Elsevier},
  pages={201-213}
}

@article{LiuLizheng2013,
  title={Extract Product Features in Chinese Web for Opinion Mining},
  author={Liu, Lizhen and Lv, Zhixin and Wang, Hanshi},
  journal={Journal of Software},
  volume={8},
  number={3},
  year={2013},
  pages={627-632}
}


@inproceedings{LiuKangIJCAI2013,
  title={Opinion target extraction using partially-supervised word alignment model},
  author={Liu, Kang and Xu, Liheng and Liu, Yang and Zhao, Jun},
  booktitle={IJCAI 2013},
  year={2013},
  pages={2134-2140}
}


@article{Zheng2014,
  title={Incorporating appraisal expression patterns into topic modeling for aspect and sentiment word identification},
  author={Zheng, Xiaolin and Lin, Zhen and Wang, Xiaowei and Lin, Kwei-Jay and Song, Meina},
  journal={Knowledge-Based Systems},
  volume={61},
  year={2014},
  publisher={Elsevier},
  pages={29-47}
}

@inproceedings{Hofmann1999PLSA,
 author = {Hofmann, Thomas},
 title = {Probabilistic Latent Semantic Indexing},
 booktitle = {SIGIR '99},
 year = {1999},
 pages = {50-57}
}

@article{Blei2003LDA,
 author = {Blei, David M. and Ng, Andrew Y. and Jordan, Michael I.},
 title = {Latent Dirichlet Allocation},
 journal = {J. Mach. Learn. Res.},
 volume = {3},
 month = mar,
 year = {2003},
 numpages = {30},
 publisher = {JMLR.org},
 pages = {993-1022}
}


@article{Steyvers2007probabilistic,
  title={Probabilistic topic models},
  author={Steyvers, Mark and Griffiths, Tom},
  journal={Handbook of latent semantic analysis},
  volume={427},
  number={7},
  year={2007},
  pages={424-440}
}


@article{Rabiner1989tutorial,
  title={A tutorial on hidden Markov models and selected applications in speech recognition},
  author={Rabiner, Lawrence},
  journal={the IEEE},
  volume={77},
  number={2},
  year={1989},
  publisher={IEEE},
  pages={257-286}
}

@inproceedings{Lafferty2001conditional,
  author={Lafferty, John and McCallum, Andrew and Pereira, Fernando CN},
  title={Conditional random fields: Probabilistic models for segmenting and labeling sequence data},
  booktitle={ICML '01},
  year={2001},
  pages = {282-289}
}

@incollection{Eiter2009answer,
  title={Answer set programming: A primer},
  author={Eiter, Thomas and Ianni, Giovambattista and Krennwallner, Thomas},
  booktitle={Reasoning Web. Semantic Technologies for Information Systems},
  year={2009},
  publisher={Springer},
  pages={40-110}
}


@inproceedings{CurranClark-bos2007,
  author    = {Curran, James  and  Clark, Stephen  and  Bos, Johan},
  title     = {Linguistically Motivated Large-Scale NLP with C\&C and Boxer},
  booktitle = {ACL Companion Volume},
  year      = {2007},
  pages     = {33-36}
}


@book{Steedman2001,
  title={The Syntactic Process},
  author={Steedman, Mark},
  year={2001},
  publisher = {MIT Press}
}

@inproceedings{Bos2004,
 author = {Bos, Johan and Clark, Stephen and Steedman, Mark and Curran, James R. and Hockenmaier, Julia},
 title = {Wide-coverage Semantic Representations from a CCG Parser},
 booktitle = {COLING '04},
 year = {2004},
 pages = {1240-1246}
}


@book{Kamp1993discourse,
  title={From discourse to logic: Introduction to modeltheoretic semantics of natural language, formal logic and discourse representation theory},
  author={Kamp, Hans and Reyle, Uwe},
  number={42},
  year={1993},
  publisher={Springer}
}


@article{Quinlan1990learning,
  title={Learning logical definitions from relations},
  author={Quinlan, J. Ross},
  journal={Machine learning},
  volume={5},
  number={3},
  year={1990},
  publisher={Springer},
  pages={239-266}
}


@book{Salmon1971,
  title={Statistical explanation and statistical relevance},
  author={Salmon, Wesley C},
  year={1971},
  publisher={University of Pittsburgh Pre}
}

@inproceedings{Schoenmackers2010learning,
  title={Learning first-order horn clauses from web text},
  author={Schoenmackers, Stefan and Etzioni, Oren and Weld, Daniel S and Davis, Jesse},
  booktitle={EMNLP '10},
  year={2010},
  pages={1088-1098}
}

@inproceedings{Clark2003log,
  title={Log-linear models for wide-coverage CCG parsing},
  author={Clark, Stephen and Curran, James R},
  booktitle={EMNLP '03},
  year={2003},
  pages={97-104}
}

@inproceedings{zhou2015representation,
  title={Representation Learning for Aspect Category Detection in Online Reviews.},
  author={Zhou, Xinjie and Wan, Xiaojun and Xiao, Jianguo},
  booktitle={AAAI},
  pages={417--424},
  year={2015}
}

@inproceedings{zhou2015representation,
  title={Representation Learning for Aspect Category Detection in Online Reviews.},
  author={Zhou, Xinjie and Wan, Xiaojun and Xiao, Jianguo},
  booktitle={AAAI},
  pages={417--424},
  year={2015}
}
@article{Clark2007wide,
  title={Wide-coverage efficient statistical parsing with CCG and log-linear models},
  author={Clark, Stephen and Curran, James R},
  journal={Computational Linguistics},
  volume={33},
  number={4},
  year={2007},
  publisher={MIT Press},
  pages={493-552}
}

@book{Kamp1993discourse,
  title={From discourse to logic: Introduction to modeltheoretic semantics of natural language, formal logic and discourse representation theory},
  author={Kamp, Hans and Reyle, Uwe},
  number={42},
  year={1993},
  publisher={Springer}
}

@inproceedings{Bos2008wide,
  title={Wide-coverage semantic analysis with Boxer},
  author={Bos, Johan},
  booktitle={the 2008 Conference on Semantics in Text Processing},
  year={2008},
  pages={277-286}
}

@article{Kipper2008large,
  title={A large-scale classification of English verbs},
  author={Kipper, Karin and Korhonen, Anna and Ryant, Neville and Palmer, Martha},
  journal={Language Resources and Evaluation},
  volume={42},
  number={1},
  year={2008},
  publisher={Springer},
  pages={21-40}
}


@inproceedings{Pavlopoulos2014aspect,
  title={Aspect Term Extraction for Sentiment Analysis: New Datasets, New Evaluation Measures and an Improved Unsupervised Method},
  author={Pavlopoulos, John and Androutsopoulos, Ion},
  booktitle={the 5th Workshop on Language Analysis for Social Media},
  year={2014},
  pages={44-52}
}

@inproceedings{Esuli2006sentiwordnet,
  title={Sentiwordnet: A publicly available lexical resource for opinion mining},
  author={Esuli, Andrea and Sebastiani, Fabrizio},
  booktitle={LREC '06},
  volume={6},
  year={2006},
  pages={417-422}
}

@inproceedings{Baccianella2010sentiwordnet,
  title={SentiWordNet 3.0: An Enhanced Lexical Resource for Sentiment Analysis and Opinion Mining},
  author={Baccianella, Stefano and Esuli, Andrea and Sebastiani, Fabrizio},
  booktitle={LREC '10},
  volume={10},
  year={2010},
  pages={2200-2204}
}


@inproceedings{Kate:aaai05,
title={Learning to Transform Natural to Formal Languages},
author={Rohit J. Kate and Yuk Wah Wong and Raymond J. Mooney},
booktitle = {AAAI '05},
year={2005},
pages={1062-1068}
}


@inproceedings{Ge:2005:SSP,
 author = {Ge, Ruifang and Mooney, Raymond J.},
 title = {A Statistical Semantic Parser That Integrates Syntax and Semantics},
 booktitle = {CONLL '05},
 year = {2005},
 pages = {9-16}
}


@inproceedings{Curran-Clark-bos:2007:PosterDemo,
  author    = {Curran, James  and  Clark, Stephen  and  Bos, Johan},
  title     = {Linguistically Motivated Large-Scale NLP with C\&C and Boxer},
  booktitle = {ACL '07},
  year      = {2007},
  pages     = {33-36}
}


@article{Artzi2013uw,
  title={UW SPF: The University of Washington Semantic Parsing Framework},
  author={Artzi, Yoav and Zettlemoyer, Luke},
  year = {2013}
}


@inproceedings{Kwiatkowski2011lexical,
  title={Lexical generalization in CCG grammar induction for semantic parsing},
  author={Kwiatkowski, Tom and Zettlemoyer, Luke and Goldwater, Sharon and Steedman, Mark},
  booktitle = {EMNLP '11},
  year={2011},
  pages={1512-1523}
}




@inproceedings{Liu98integratingclassification,
    author = {Bing, Liu and Wynne, Hsu and Yiming, Ma},
    title = {Integrating Classification and Association Rule Mining},
    booktitle = {AAAI '98},
    year = {1998},
    pages = {80-86}
}

@inproceedings{Ganu2009,
author = {Gayatree, Ganu and Noemie, Elhadad and Am\'{e}lie, Marian},
title = {Beyond the Stars: Improving Rating Predictions using Review Text Content},
booktitle = {International Workshop on the Web and Databases},
year = {2009}
}


@inproceedings{QianLiu2013,
author={Qian, Liu and Zhiqiang, Gao and Bing, Liu and Yuanlin, Zhang},
title={A Logic Programming Approach to Aspect Extraction in Opinion Mining},
booktitle={WI-IAT '13},
year={2013},
pages={276-283}
}


@inproceedings{KangLiu2014,
author={Xu, Liheng and Liu, Kang and Lai, Siwei and Zhao, Jun},
title={Product Feature Mining: Semantic Clues versus Syntactic Constituents},
booktitle={ACL '14},
year={2014},
pages={336-346}
}


@inproceedings{ChenLiu2014ICML
,
    Author = {Zhiyuan Chen and
              Bing Liu},
    Title = {Topic Modeling using Topics from Many Domains, Lifelong Learning and Big Data},
    Year = {2014},
    Booktitle = {ICML '14},
    Pages = {703-711}
   }


@inproceedings{LiHuangZhu2012:cross-domain,
AUTHOR = {Fangtao Li and
               Sinno Jialin Pan and
               Ou Jin and
               Qiang Yang and
               Xiaoyan Zhu},
TITLE = {Cross-Domain Co-Extraction of Sentiment and Topic Lexicons},
BOOKTITLE = {ACL '12},
YEAR = {2012},
PAGES = {410-419}
}

@inproceedings{LiHuangZhu2010,
  author    = {Li, Fangtao and Huang, Minlie and Zhu, Xiaoyan},
  title     = {Sentiment Analysis with Global Topics and Local Dependency},
  booktitle = {AAAI '10},
  year      = {2010},
  pages     = {1371-1376}
}


@inproceedings{WangBo2008,
author= {Wang, Bo and Wang, Houfeng},
title= {Bootstrapping Both Product Features and Opinion Words from Chinese Customer Reviews with Cross-Inducing},
booktitle= {IJCNLP '08},
year= {2008},
pages={289-295}
}


@inproceedings{Klinger2013,
  author       = {Klinger, Roman and Cimiano, Philipp},
  title        = {Bi-directional Inter-dependencies of Subjective Expressions and Targets and their Value for a Joint Model},
  booktitle       = {ACL '13},
  year         = {2013},
  pages        = {848-854}
}

@inproceedings{Lazaridou2013,
author={Lazaridou, Angeliki and Titov, Ivan and Sporleder, Caroline},
title={A Bayesian Model for Joint Unsupervised Induction of Sentiment, Aspect and Discourse Representations},
booktitle={ACL '13},
year={2013},
pages={1630-1639}
}


@inproceedings{KangLiu2013:ACL2013,
  author    = {Liu, Kang  and  Xu, Liheng  and  Zhao, Jun},
  title     = {Syntactic Patterns versus Word Alignment: Extracting Opinion Targets from Online Reviews},
  booktitle={ACL '13},
  year      = {2013},
  pages     = {1754-1763}
}


@inproceedings{Mitchell-EtAl:2013:EMNLP,
  author    = {Mitchell, Margaret  and  Aguilar, Jacqui  and  Wilson, Theresa  and  Van Durme, Benjamin},
  title     = {Open Domain Targeted Sentiment},
  booktitle={ACL '13},
  year      = {2013},
  pages     = {1643-1654}
}

@inproceedings{Yang-cardie:2013:ACL2013,
  author    = {Yang, Bishan  and  Cardie, Claire},
  title     = {Joint Inference for Fine-grained Opinion Extraction},
  booktitle={ACL '13},
  year      = {2013},
  pages     = {1640-1649}
}


@inproceedings{Zhou-wan-xiao:2013:EMNLP,
  author    = {Zhou, Xinjie  and  Wan, Xiaojun  and  Xiao, Jianguo},
  title     = {Collective Opinion Target Extraction in {Chinese} Microblogs},
  booktitle = {EMNLP '13},
  year      = {2013},
  pages     = {1840-1850}
}


@book{Mitchell:1997:ML:541177,
 author = {Mitchell, Thomas M.},
 title = {Machine Learning},
 year = {1997},
 edition = {1}
}


@inproceedings{ChenLiu2013EMNLP,
author={Chen, Zhiyuan and Mukherjee, Arjun and Liu, Bing and Hsu, Meichun and Castellanos, Malu and Ghosh, Riddhiman},
title={Exploiting Domain Knowledge in Aspect Extraction},
booktitle = {EMNLP '13},
year={2013},
pages={1655-1667}
}


@inproceedings{FeiChenLiu2014Coling,
author={Fei, Geli and Chen, Zhiyuan and Liu, Bing},
title={Review Topic Discovery with Phrases using the P{\'o}lya Urn Model},
booktitle={COLING '14},
year={2014},
pages={667-676}
}


@inproceedings{KangLiu2013IJCAI,
 author = {Liu, Kang and Xu, Liheng and Liu, Yang and Zhao, Jun},
 title = {Opinion Target Extraction Using Partially-supervised Word Alignment Model},
 booktitle = {IJCAI '13},
 year = {2013},
 pages = {2134-2140}
}


@inproceedings{ZhaoYanYan2010ACL,
 author = {Zhao, Yanyan and Qin, Bing and Hu, Shen and Liu, Ting},
 title = {Generalizing Syntactic Structures for Product Attribute Candidate Extraction},
 booktitle={HLT-NAACL '10},
 year = {2010},
 pages = {377-380}
}


@inproceedings{ZhaoYanyanCOLING2014,
  author    = {Yanyan Zhao and
               Wanxiang Che and
               Honglei Guo and
               Bing Qin and
               Zhong Su and
               Ting Liu},
  title     = {Sentence Compression for Target-Polarity Word Collocation Extraction},
  booktitle = {COLING '14},
  year      = {2014},
  pages     = {1360-1369}
}


@inproceedings{FangHuang2012ACL,
 author = {Fang, Lei and Huang, Minlie},
 title = {Fine Granular Aspect Analysis Using Latent Structural Models},
 booktitle = {ACL '12},
 year = {2012},
 pages = {333-337}
}


@incollection{Mikolov2013Distributed,
title = {Distributed Representations of Words and Phrases and their Compositionality},
author = {Mikolov, Tomas and Sutskever, Ilya and Chen, Kai and Corrado, Greg S and Dean, Jeff},
booktitle = {Advances in Neural Information Processing Systems 26},
year = {2013},
publisher = {Curran Associates, Inc.},
pages = {3111-3119}
}


@incollection{Andriy2013NIPS,
title = {Learning word embeddings efficiently with noise-contrastive estimation},
author = {Andriy Mnih and
          Koray Kavukcuoglu},
booktitle = {Advances in Neural Information Processing Systems 26},
year = {2013},
pages = {2265-2273}
}


@incollection{Andriy2009NIPS,
title = {A Scalable Hierarchical Distributed Language Model},
author = {Andriy Mnih and
          Geoffrey E. Hinton},
booktitle = {NIPS '09},
year = {2009},
pages = {1081-1088}
}


@article{Bengio2008IEEE,
  title={Adaptive importance sampling to accelerate training of a neural probabilistic language model},
  author={Bengio, Y.,Senecal, J.-S.},
  journal={IEEE Transactions on Neural Networks},
  volume={19},
  year={2008},
  pages={713-722}
}

@inproceedings{Turian2010ACL,
  title={Word Representations: A Simple and General Method for Semi-Supervised Learning},
  author={Joseph, Turian and Lev, Ratinov and Yoshua, Bengio},
  booktitle={ACL' 10},
  year={2010},
  pages={384-394}
}


@inproceedings{Turian2009NIPS,
    author = {Joseph Turian and
              Lev Ratinov and
              Dan Roth},
    title = {A preliminary evaluation of word representations for named-entity},
    booktitle={NIPS '09 Workshop on Grammar Induction, Representation of Language and Language Learning},
    year = {2009}
}

@inproceedings{Socher2010ICML,
    author = {Richard Socher and Cliff Chiung-yu Lin and Andrew Y. Ng and Christopher D. Manning},
    title = {Parsing Natural Scenes and Natural Language with Recursive Neural Networks},
    booktitle={ICML' 10},
    year={2010}
}


@inproceedings{Jeffrey2014EMNLP,
  author    = {Jeffrey Pennington and
               Richard Socher and
               Christopher D. Manning},
  title     = {Glove: Global Vectors for Word Representation},
  booktitle = {EMNLP '14},
  year      = {2014},
  pages     = {1532-1543}
}

@inproceedings{Huang2012ACL,
  title={Improving word representations via global context and multiple word prototypes},
  author={Eric H. Huang and
            Richard Socher and
            Christopher D. Manning and
            Andrew Y. Ng},
  booktitle={ACL '12},
  year={2012},
  pages={873-882}
}

@inproceedings{Collobert2008ICML,
 author = {Collobert, Ronan and Weston, Jason},
 title = {A Unified Architecture for Natural Language Processing: Deep Neural Networks with Multitask Learning},
 booktitle = {ICML '08},
 year = {2008},
 pages = {160-167}
}

@article{Collobert2011JMLR,
  title={Natural Language Processing (almost) from Scratch},
  author={Collobert, Ronan and Weston, Jason and Bottou, Leon and Karlen, Michael and Kavukcuoglu, Koray and Kuksa, Pavel},
  journal={Journal of Machine Learning Research},
  volume={12},
  number={1},
  year={2011},
  pages={2493-2537}
}

@article{Stephen1967Hierarchical,
  title={Hierarchical clustering schemes},
  author={Stephen C. Johnson},
  journal={Psychometrika},
  year={1967},
  volume={32},
  pages={241-254}
}


@inproceedings{Jindal2008WSDM,
 author = {Jindal, Nitin and Liu, Bing},
 title = {Opinion Spam and Analysis},
 booktitle = {WSDM '08},
 year = {2008},
 pages = {219-230}
}

@inproceedings{KangXuLZ2014COLING,
  author    = {Liheng Xu and
               Kang Liu and
               Jun Zhao},
  title     = {Joint Opinion Relation Detection Using One-Class Deep Neural Network},
  booktitle = {COLING '14},
  year      = {2014},
  pages     = {677-687}
}


@article{Pang2008OMS,
 author = {Pang, Bo and Lee, Lillian},
 title = {Opinion Mining and Sentiment Analysis},
 journal = {Found. Trends Inf. Retr.},
 volume = {2},
 year = {2008},
 publisher = {Now Publishers Inc.},
 pages = {1-135}
}


@article{Wiebe2005Annotating,
  title={Annotating Expressions of Opinions and Emotions in Language},
  author={Janyce Wiebe and
          Theresa Wilson and
          Claire Cardie},
  journal={Language Resources and Evaluation},
  volume={39},
  number={2-3},
  pages={165-210},
  year={2005}
}

@inproceedings{YulanHe2011ACL,
  title={Automatically extracting polarity-bearing topics for cross-domain sentiment classification},
  author={Yulan He and
          Chenghua Lin and
          Harith Alani},
  booktitle={ACL '11},
  year={2011},
  pages={123-131}
}


@inproceedings{Tang2014ACL,
  author    = {Tang, Duyu  and  Wei, Furu  and  Yang, Nan  and  Zhou, Ming  and  Liu, Ting  and  Qin, Bing},
  title     = {Learning Sentiment-Specific Word Embedding for Twitter Sentiment Classification},
  booktitle = {ACL '14},
  year      = {2014},
  pages     = {1555-1565}
}


@inproceedings{Socher2013ACL,
  author    = {Richard Socher and
                Alex Perelygin and
                Jean Y. Wu and
                Jason Chuang and
                Christopher D. Manning and
                Andrew Y. Ng and
                Christopher Potts},
  title     = {Recursive Deep Models for Semantic Compositionality Over a Sentiment Treebank},
  booktitle = {ACL '13},
  year      = {2013},
  pages     = {1631-1642}
}


@inproceedings{Lun-WeiKu2011Predicting,
  title={Predicting Opinion Dependency Relations for Opinion Analysis},
  author={Lun-Wei Ku and
            Kenneth Huang and
            Hsin-Hsi Chen},
  booktitle={IJCNLP '11},
  year={2011},
  pages={345-353}
}


@Book{Cambria2012,
    author = {Erik Cambria and
            Amir Hussain},
    title = {Sentic Computing Techniques, Tools, and Applications 2nd Edition},
    publisher = {Springer},
    year = {2012}
}

@inproceedings{ChenZhiyuan2014ACL,
author={Chen,Zhiyuan and Mukherjee, Arjun and Liu, Bing},
title={Aspect Extraction with Automated Prior Knowledge Learning},
booktitle={ACL '14},
year={2014},
pages={347-358}
}


@inproceedings{Agrawal:1994:FAM,
 author = {Agrawal, Rakesh and Srikant, Ramakrishnan},
 title = {Fast Algorithms for Mining Association Rules in Large Databases},
 booktitle = {VLDB '94},
 year = {1994},
 pages = {487-499}
}


@inproceedings{Fournier-Viger:2012:MTA,
 author = {Fournier-Viger, Philippe and Wu, Cheng-Wei and Tseng, Vincent S.},
 title = {Mining Top-k Association Rules},
 booktitle = {Canadian AI '12},
 year = {2012},
 pages = {61-73}
}


@inproceedings{Pavlopoulos:2014,
 author = {John Pavlopoulos and
            Ion Androutsopoulos},
 title = {Multi-Granular Aspect Aggregation in Aspect-Based Sentiment Analysis},
 booktitle = {EACL '14},
 year = {2014},
 pages = {78-87}
}

@article{ZhangGC13WordNet,
  author = {Zhang, Ziqi and Gentile, Anna Lisa and Ciravegna, Fabio},
  journal = {Natural Language Engineering},
  number = {4},
  pages = {411-479},
  title = {Recent advances in methods of lexical semantic relatedness - a survey},
  volume = {19},
  year = {2013}
}


@inproceedings{Wu:1994:VSL,
 author = {Wu, Zhibiao and Palmer, Martha},
 title = {Verbs Semantics and Lexical Selection},
 booktitle = {ACL '94},
 year = {1994},
 pages = {133-138}
}


@inproceedings{Lin:1998:IDS,
 author = {Lin, Dekang},
 title = {An Information-Theoretic Definition of Similarity},
 booktitle = {ICML '98},
 year = {1998},
 pages = {296-304}
}

@inproceedings{ChenLiu2014KDD,
 author = {Chen, Zhiyuan and Liu, Bing},
 title = {Mining Topics in Documents: Standing on the Shoulders of Big Data},
 booktitle = {KDD '14},
 year = {2014},
 pages = {1116-1125}
}

@inproceedings{QianLiu2015IJCAI,
 title={Automated Rule Selection for Aspect Extraction in Opinion Mining},
 author={Liu, Qian and Gao, Zhiqiang and Liu, Bing and Zhang, Yuanlin},
 booktitle = {IJCAI '15},
 pages = {1291-1297},
 year = {2015}
}


@article{Adomavicius2005,
 author = {Adomavicius, Gediminas and Tuzhilin, Alexander},
 title = {Toward the Next Generation of Recommender Systems: A Survey of the State-of-the-Art and Possible Extensions},
 journal = {IEEE Transactions on Knowledge and Data Engineering},
 issue_date = {June 2005},
 volume = {17},
 number = {6},
 year = {2005},
 pages = {734-749}
}

@inproceedings{Poria2014rule,
  title={A rule-based approach to aspect extraction from product reviews},
  author={Poria, Soujanya and Cambria, Erik and Ku, Lun-Wei and Gui, Chen and Gelbukh, Alexander},
  booktitle={SocialNLP '14},
  pages={28-37},
  year={2014}
}

@techreport{zhu2005semi,
author = "Xiaojin Zhu",
title = "Semi-Supervised Learning Literature Survey",
institution = "Computer Sciences, University of Wisconsin-Madison",
number = "1530",
year = {2005}
}


@InProceedings{Reimers:2017:EMNLP,
  author    = {Reimers, Nils, and Gurevych, Iryna},
  title     = {{Reporting Score Distributions Makes a Difference: Performance Study of LSTM-networks for Sequence Tagging}},
  booktitle = {Proceedings of the 2017 Conference on Empirical Methods in Natural Language Processing (EMNLP)},
  month     = {09},
  year      = {2017},
  address   = {Copenhagen, Denmark},
  pages     = {338--348},
  url       = {http://aclweb.org/anthology/D17-1035}
}


@misc{Semeval2014_eval,
  title = {SemEval 2014 Task4 Evaluation},
  howpublished = {\url{http://alt.qcri.org/semeval2014/task4}}
}

@misc{Semeval2016_eval,
  title = {SemEval 2016 Task5 Evaluation},
  howpublished = {\url{http://alt.qcri.org/semeval2016/task5}}
}

@inproceedings{xumeta,
  title={Lifelong Domain Word Embedding via Meta-Learning},
  author={Xu, Hu and Liu, Bing and Shu, Lei and Yu, Philip S.},
  booktitle={Proceedings of the 27th International Joint Conference on Artificial Intelligence},
  year={2018},
  organization={AAAI Press}
}

@article{bollegala2015unsupervised,
  title={Unsupervised cross-domain word representation learning},
  author={Bollegala, Danushka and Maehara, Takanori and Kawarabayashi, Ken-ichi},
  journal={arXiv preprint arXiv:1505.07184},
  year={2015}
}

@inproceedings{Xu2018pro,
  title={Dual Attention Network for Product Compatibility and Function Satisfiability Analysis},
  author={Xu, Hu and Xie, Sihong and Shu, Lei and Yu, Philip S.},
  booktitle={Proceedings of AAAI Conference on Artificial Intelligence (AAAI)},
  year={2018}
}

@article{bollegala2017think,
  title={Think Globally, Embed Locally---Locally Linear Meta-embedding of Words},
  author={Bollegala, Danushka and Hayashi, Kohei and Kawarabayashi, Ken-ichi},
  journal={arXiv preprint arXiv:1709.06671},
  year={2017}
}

@inproceedings{levy2014dependency,
  title={Dependency-based word embeddings},
  author={Levy, Omer and Goldberg, Yoav},
  booktitle={Proceedings of the 52nd Annual Meeting of the Association for Computational Linguistics (Volume 2: Short Papers)},
  volume={2},
  pages={302--308},
  year={2014}
}

@article{chen2018lifelong,
  title={Lifelong machine learning},
  author={Chen, Zhiyuan and Liu, Bing},
  journal={Synthesis Lectures on Artificial Intelligence and Machine Learning},
  volume={12},
  number={3},
  pages={1--207},
  year={2018},
  publisher={Morgan \& Claypool Publishers}
}

@inproceedings{silver2013lifelong,
  title={Lifelong machine learning systems: Beyond learning algorithms},
  author={Silver, Daniel L and Yang, Qiang and Li, Lianghao},
  booktitle={2013 AAAI spring symposium series},
  year={2013}
}

@incollection{thrun1998lifelong,
  title={Lifelong learning algorithms},
  author={Thrun, Sebastian},
  booktitle={Learning to learn},
  pages={181--209},
  year={1998},
  publisher={Springer}
}

@article{liu2019roberta,
  title={Roberta: A robustly optimized bert pretraining approach},
  author={Liu, Yinhan and Ott, Myle and Goyal, Naman and Du, Jingfei and Joshi, Mandar and Chen, Danqi and Levy, Omer and Lewis, Mike and Zettlemoyer, Luke and Stoyanov, Veselin},
  journal={arXiv preprint arXiv:1907.11692},
  year={2019}
}

@inproceedings{yang2019xlnet,
  title={Xlnet: Generalized autoregressive pretraining for language understanding},
  author={Yang, Zhilin and Dai, Zihang and Yang, Yiming and Carbonell, Jaime and Salakhutdinov, Russ R and Le, Quoc V},
  booktitle={Advances in neural information processing systems},
  pages={5754--5764},
  year={2019}
}

@inproceedings{clark2019electra,
  title={ELECTRA: Pre-training Text Encoders as Discriminators Rather Than Generators},
  author={Clark, Kevin and Luong, Minh-Thang and Le, Quoc V and Manning, Christopher D},
  booktitle={International Conference on Learning Representations},
  year={2019}
}

@inproceedings{lan2019albert,
  title={ALBERT: A Lite BERT for Self-supervised Learning of Language Representations},
  author={Lan, Zhenzhong and Chen, Mingda and Goodman, Sebastian and Gimpel, Kevin and Sharma, Piyush and Soricut, Radu},
  booktitle={International Conference on Learning Representations},
  year={2019}
}

@article{radford2018improving,
  title={Improving language understanding by generative pre-training},
  author={Radford, Alec and Narasimhan, Karthik and Salimans, Tim and Sutskever, Ilya},
  journal={URL https://s3-us-west-2. amazonaws. com/openai-assets/researchcovers/languageunsupervised/language understanding paper. pdf},
  year={2018}
}

@article{radford2019language,
  title={Language models are unsupervised multitask learners},
  author={Radford, Alec and Wu, Jeffrey and Child, Rewon and Luan, David and Amodei, Dario and Sutskever, Ilya},
  journal={OpenAI Blog},
  volume={1},
  number={8},
  pages={9},
  year={2019}
}